{
  "Product_name": "Only Organic Pear & Mango Baby Food Pouch 4+ Months | 120g",
  "Product_details": "Our favourite recipe of juicy mango and autumn pears, slow cooked and blended to a super-smooth puree. It's delicious on its own or swirled into Baby Rice with your baby's usual milk.",
  "price": "$2.15",
  "Ingredients": "Pear* (40%), Mango* (37%), Water, Vitamin C.",
  "url": "https://www.coles.com.au//product/only-organic-pear-and-mango-baby-food-pouch-4+-months-120g-5033663",
  "unit_size": "$1.79 per 100g",
  "Allergen": "",
  "upc": "Code: 5033663",
  "Retail_limit": "Retail limit: 40"
}{
  "Product_name": "Bubs Organic Little Rollies Coconut | 25g",
  "Product_details": "",
  "price": "$1.00",
  "Ingredients": "Shell: Organic Rice Flour (70%), Organic Cane Sugar, Organic Skimmed Cocoa Powder, Organic Quinoa Flour (1.6%), Organic Millet Flour (1.6%), Sea Salt. Filling: Organic Cane Sugar, Organic Coconut (13.2%), Organic Vegetable Oil (Sunflower, Coconut), Emulsifier (Sunflower Lecithin).",
  "url": "https://www.coles.com.au//product/bubs-organic-little-rollies-coconut-25g-3292897",
  "unit_size": "$4.00 per 100g | Was $1.80",
  "Allergen": "May Be Present Nuts, Dairy, Gluten",
  "upc": "Code: 3292897",
  "Retail_limit": "Retail limit: 40"
}{
  "Product_name": "Bubs Organic Little Rollies Hazelnut | 25g",
  "Product_details": "",
  "price": "$1.00",
  "Ingredients": "Shell: Organic Rice Flour (82%), Organic Cane Sugar, Salt. Filling: Organic Cane Sugar, Organic Vegetable Oil and fat (Sunflower, Cocoa butter), Organic Hazelnut (12%), Organic Low Fat Cocoa Powder, Organic Soy Flour, Emulsifier (Sunflower Lecithin), Natural Vanilla Flavour.",
  "url": "https://www.coles.com.au//product/bubs-organic-little-rollies-hazelnut-25g-3292911",
  "unit_size": "$4.00 per 100g | Was $1.80",
  "Allergen": "May Be Present Nuts. Contains Hazelnuts, Soy",
  "upc": "Code: 3292911",
  "Retail_limit": "Retail limit: 40"
}{
  "Product_name": "Mum-Mum Pea Snacks Cheese 12M+ | 12g",
  "Product_details": "",
  "price": "$1.50",
  "Ingredients": "",
  "url": "https://www.coles.com.au//product/mum-mum-pea-snacks-cheese-12m+-12g-4156500",
  "unit_size": "$12.50 per 100g",
  "Allergen": "",
  "upc": "Code: 4156500",
  "Retail_limit": "Retail limit: 40"
}{
  "Product_name": "Mum-Mum Plant Based Strawberry & Blueberry Rice Puffs | 10g",
  "Product_details": "",
  "price": "$1.50",
  "Ingredients": "",
  "url": "https://www.coles.com.au//product/mum-mum-plant-based-strawberry-and-blueberry-rice-puffs-10g-5011649",
  "unit_size": "$15.00 per 100g",
  "Allergen": "",
  "upc": "Code: 5011649",
  "Retail_limit": "Retail limit: 40"
}{
  "Product_name": "Mum-Mum Plant Based Banana & Apple Rice Puffs | 10g",
  "Product_details": "",
  "price": "$1.50",
  "Ingredients": "",
  "url": "https://www.coles.com.au//product/mum-mum-plant-based-banana-and-apple-rice-puffs-10g-5011627",
  "unit_size": "$15.00 per 100g",
  "Allergen": "",
  "upc": "Code: 5011627",
  "Retail_limit": "Retail limit: 40"
}{
  "Product_name": "Rafferty's Garden Pureed Blueberries Banana & Apple 4+ Months | 120g",
  "Product_details": "",
  "price": "$2.15",
  "Ingredients": "Apple (60%), Banana (25%), Blueberry (15%), <0.5% Fruit Acid (Citric Acid).",
  "url": "https://www.coles.com.au//product/rafferty's-garden-pureed-blueberries-banana-and-apple-4+-months-120g-6027167",
  "unit_size": "$1.79 per 100g",
  "Allergen": "",
  "upc": "Code: 6027167",
  "Retail_limit": "Retail limit: 40"
}{
  "Product_name": "Rafferty's Garden Blueberry- Banana & Pear Yoghurt Brekkie 6+ Months | 120g",
  "Product_details": "",
  "price": "$2.15",
  "Ingredients": "",
  "url": "https://www.coles.com.au//product/rafferty's-garden-blueberry-banana-and-pear-yoghurt-brekkie-6+-months-120g-5046600",
  "unit_size": "$1.79 per 100g",
  "Allergen": "",
  "upc": "Code: 5046600",
  "Retail_limit": "Retail limit: 40"
}{
  "Product_name": "Rafferty's Garden Banana & Mango No Added Sugar Custard 6+ Months | 120g",
  "Product_details": "",
  "price": "$2.15",
  "Ingredients": "Fruit, (Banana (30%), Apple, Mango (10%)), Whole Milk(20%), Water, Corn Starch, Prebiotic Fibre (Inulin), Citric Acid, Natural Vanilla Flavour.",
  "url": "https://www.coles.com.au//product/rafferty's-garden-banana-and-mango-no-added-sugar-custard-6+-months-120g-4159145",
  "unit_size": "$1.79 per 100g",
  "Allergen": "",
  "upc": "Code: 4159145",
  "Retail_limit": "Retail limit: 40"
}{
  "Product_name": "Rafferty's Garden Pear & Superberries Baby Food 4+ Months | 120g",
  "Product_details": "We know that mums want the best for their babies so this pouch contains premium fruit and vegetables. Made in Australia with NOTHING ELSE except for Pear & Superberries and no preservatives, no artificial colours or preservatives, no added salt or sugar, just delicious, nutritious goodness for your baby. With its smooth texture it's the perfect first food for bubs trying pureed solid food for the first time. This pouch is made with pure pear puree, flavoured with blueberries, blackcurrants and acai berries and is a great way to transition your baby onto solids or mix into cereal for extra flavour.",
  "price": "$2.15",
  "Ingredients": "Pear (88%), Blueberry (8%), Blackcurrant (2%), Acai (2%), <0.5% Fruit Acid (Citric Acid).",
  "url": "https://www.coles.com.au//product/rafferty's-garden-pear-and-superberries-baby-food-4+-months-120g-8971896",
  "unit_size": "$1.79 per 100g",
  "Allergen": "",
  "upc": "Code: 8971896",
  "Retail_limit": "Retail limit: 40"
}{
  "Product_name": "Rafferty's Garden Banana Pear & Mango Baby Food 4+ Months | 120g",
  "Product_details": "",
  "price": "$2.15",
  "Ingredients": "Pear (60%), Banana (30%), Mango (10%), <0.5% Fruit Acid (Citric Acid).",
  "url": "https://www.coles.com.au//product/rafferty's-garden-banana-pear-and-mango-baby-food-4+-months-120g-6027178",
  "unit_size": "$1.79 per 100g",
  "Allergen": "",
  "upc": "Code: 6027178",
  "Retail_limit": "Retail limit: 40"
}{
  "Product_name": "Rafferty's Garden Shepherds Pie Baby Food 10+ Months | 170g",
  "Product_details": "Introduce your little one to the delicious flavours of a family classic, Shepherd's Pie. With chunky textures to help baby's chewing development, and packed with 4 serves of veggies, it's a delicious option for dinner.",
  "price": "$2.80",
  "Ingredients": "Vegetables (51%) (Potato (22%), Reconstituted Tomato Puree, Carrot, Onion, Garlic), Water, Lamb (8%), Modified Corn Starch, Yeast Extract, Herbs (Parsley, Oregano).",
  "url": "https://www.coles.com.au//product/rafferty's-garden-shepherds-pie-baby-food-10+-months-170g-7730635",
  "unit_size": "$1.65 per 100g",
  "Allergen": "",
  "upc": "Code: 7730635",
  "Retail_limit": "Retail limit: 40"
}{
  "Product_name": "Rafferty's Garden Baby's Bolognese With Macaroni Baby Food 10+ Months | 170g",
  "Product_details": "A household favourite! Our beef bolognese is made with chunky textures for your little one to practise chewing, and packed full of 5 serves of veggies. It's a great meal time option that you and baby are sure to love.",
  "price": "$2.80",
  "Ingredients": "Vegetables (64%) (Reconstituted Tomato Puree, Carrot, Onion, Garlic), Water, Beef (9%), Macaroni Pasta (Wheat) (5%), Parsley (0.2%), Oregano.",
  "url": "https://www.coles.com.au//product/rafferty's-garden-baby's-bolognese-with-macaroni-baby-food-10+-months-170g-6026856",
  "unit_size": "$1.65 per 100g",
  "Allergen": "",
  "upc": "Code: 6026856",
  "Retail_limit": "Retail limit: 40"
}{
  "Product_name": "Rafferty's Garden Pumpkin Apple & Sweetcorn Baby Food 4+ Months | 120g",
  "Product_details": "",
  "price": "$2.15",
  "Ingredients": "Apple (65%), Pumpkin (20%), Sweetcorn (15%), <0.5% Fruit Acid (Citric Acid).",
  "url": "https://www.coles.com.au//product/rafferty's-garden-pumpkin-apple-and-sweetcorn-baby-food-4+-months-120g-6027087",
  "unit_size": "$1.79 per 100g",
  "Allergen": "",
  "upc": "Code: 6027087",
  "Retail_limit": "Retail limit: 40"
}{
  "Product_name": "Heinz Oaty Licious Baby Food 8+ Months Mashed | 120g",
  "Product_details": "",
  "price": "$1.50",
  "Ingredients": "Banana Puree (30%), Pear Puree (29%), Greek Style Yoghurt (14%) (Cultured Milk), Cooked Oats (12%), Water, Coconut, Cream (Milk), Cinnamon.   Contains: Gluten, Milk.  May Contain: Wheat.",
  "url": "https://www.coles.com.au//product/heinz-oaty-licious-baby-food-8+-months-mashed-120g-3511980",
  "unit_size": "$1.25 per 100g",
  "Allergen": "Contains Wheat, Milk, Gluten, Oats",
  "upc": "Code: 3511980",
  "Retail_limit": "Retail limit: 40"
}{
  "Product_name": "Rafferty's Garden Italian Lasagne Baby Food 10+ Months | 170g",
  "Product_details": "A delicious family favourite, lasagne that's packed with 3 serves of hidden veggies and delicious Australian beef to tickle their tastebuds. The chunky texture is great for chewing practise, and the tasty flavour will keep them coming back for more.",
  "price": "$2.80",
  "Ingredients": "Vegetables (43%) (Reconstituted Tomato Puree, Carrot, Onion, Zucchini, Garlic), Water, Lasagnette Pasta (Wheat) (9%), Beef (8%), Modified Corn Starch, Cheese (Milk), Yeast Extract, Herbs (0.1%) (Oregano, Parsley, Basil).",
  "url": "https://www.coles.com.au//product/rafferty's-garden-italian-lasagne-baby-food-10+-months-170g-7730624",
  "unit_size": "$1.65 per 100g",
  "Allergen": "",
  "upc": "Code: 7730624",
  "Retail_limit": "Retail limit: 40"
}{
  "Product_name": "Heinz Berry Nice Baby Food 8+ Months Mashed | 120g",
  "Product_details": "",
  "price": "$1.50",
  "Ingredients": "Pear Puree (54%), Blueberry Puree (15%), Greek Style Yoghurt (14%) (Cultured Milk), Cooked Oats (12%), Strawberry Puree (4.0%), Cream (Milk).   Contains: Gluten, Milk.  May Contain: Wheat.",
  "url": "https://www.coles.com.au//product/heinz-berry-nice-baby-food-8+-months-mashed-120g-3511968",
  "unit_size": "$1.25 per 100g",
  "Allergen": "Contains Wheat, Milk, Gluten, Oats",
  "upc": "Code: 3511968",
  "Retail_limit": "Retail limit: 40"
}{
  "Product_name": "Only Organic Baby Food Mango Coconut And Quinoa | 120g",
  "Product_details": "",
  "price": "$2.15",
  "Ingredients": "",
  "url": "https://www.coles.com.au//product/only-organic-baby-food-mango-coconut-and-quinoa-120g-3499782",
  "unit_size": "$1.79 per 100g",
  "Allergen": "",
  "upc": "Code: 3499782",
  "Retail_limit": "Retail limit: 40"
}{
  "Product_name": "Only Organic Sweetcorn Carrot & Quinoa Baby Food Pouch 4+Month | 120g",
  "Product_details": "",
  "price": "$2.15",
  "Ingredients": "",
  "url": "https://www.coles.com.au//product/only-organic-sweetcorn-carrot-and-quinoa-baby-food-pouch-4+month-120g-5033685",
  "unit_size": "$1.79 per 100g",
  "Allergen": "",
  "upc": "Code: 5033685",
  "Retail_limit": "Retail limit: 40"
}{
  "Product_name": "Rafferty's Garden Chicken Basil & Tomato Pasta Baby Food 10+ Months | 170g",
  "Product_details": "This delicious chicken pasta meal is packed with 4 serves of veggies and chunky pieces for your baby to practise their chewing. This tasty flavour combination of tomato & basil is sure to tickle their tastebuds.",
  "price": "$2.80",
  "Ingredients": "Vegetables (53%) (Reconstituted Tomato Puree (40%), Onion), Water, Chicken (11%), Macaroni Pasta (Wheat) (6.5%), Yeast Extract, Parsley, Paprika, Basil (0.2%).",
  "url": "https://www.coles.com.au//product/rafferty's-garden-chicken-basil-and-tomato-pasta-baby-food-10+-months-170g-6026823",
  "unit_size": "$1.65 per 100g",
  "Allergen": "",
  "upc": "Code: 6026823",
  "Retail_limit": "Retail limit: 40"
}{
  "Product_name": "Heinz Apple Blueberry & Strawberry Baby Food 8+ Months | 120g",
  "Product_details": "",
  "price": "$1.50",
  "Ingredients": "Apple Puree (90%), Blueberry Puree (6.3%), Strawberry Puree (3.7%).",
  "url": "https://www.coles.com.au//product/heinz-apple-blueberry-and-strawberry-baby-food-8+-months-120g-2011100",
  "unit_size": "$1.25 per 100g",
  "Allergen": "",
  "upc": "Code: 2011100",
  "Retail_limit": "Retail limit: 40"
}{
  "Product_name": "Farex Breakfast On The Go Oatmeal & Apple Baby Food Cereal | 120g",
  "Product_details": "",
  "price": "$1.50",
  "Ingredients": "Apples (56%), Water, Cooked Oats (13%) (Contain Traces of Wheat), Apple Juice, Oat Bran (3.0%), Natural Flavour, Cinnamon Extract.",
  "url": "https://www.coles.com.au//product/farex-breakfast-on-the-go-oatmeal-and-apple-baby-food-cereal-120g-8996875",
  "unit_size": "$1.25 per 100g",
  "Allergen": "Contains Wheat, Gluten, Oats",
  "upc": "Code: 8996875",
  "Retail_limit": "Retail limit: 40"
}{
  "Product_name": "Only Organic Chicken Sweetcorn & Brown Rice Baby Food Pouch 6+ Months | 120g",
  "Product_details": "",
  "price": "$2.15",
  "Ingredients": "",
  "url": "https://www.coles.com.au//product/only-organic-chicken-sweetcorn-and-brown-rice-baby-food-pouch-6+-months-120g-5033845",
  "unit_size": "$1.79 per 100g",
  "Allergen": "",
  "upc": "Code: 5033845",
  "Retail_limit": "Retail limit: 40"
}{
  "Product_name": "Only Organic Banana Raspberry & Vanilla Baby Food Pouch 8+ Months | 120g",
  "Product_details": "",
  "price": "$2.15",
  "Ingredients": "banana (61%), apple, raspberry (10%), antioxidant (ascorbic acid), acidity regulator (citric acid), vanilla extract.",
  "url": "https://www.coles.com.au//product/only-organic-banana-raspberry-and-vanilla-baby-food-pouch-8+-months-120g-7761129",
  "unit_size": "$1.79 per 100g",
  "Allergen": "",
  "upc": "Code: 7761129",
  "Retail_limit": "Retail limit: 40"
}{
  "Product_name": "Only Organic Pear Gold Kiwifruit & Oats Baby Food Pouch 8+ Months | 120g",
  "Product_details": "",
  "price": "$2.15",
  "Ingredients": "",
  "url": "https://www.coles.com.au//product/only-organic-pear-gold-kiwifruit-and-oats-baby-food-pouch-8+-months-120g-5044069",
  "unit_size": "$1.79 per 100g",
  "Allergen": "",
  "upc": "Code: 5044069",
  "Retail_limit": "Retail limit: 40"
}{
  "Product_name": "Only Organic Lentils Vegetables Barley & Coconut Baby Food Pouch 10+ Month | 170g",
  "Product_details": "",
  "price": "$2.90",
  "Ingredients": "",
  "url": "https://www.coles.com.au//product/only-organic-lentils-vegetables-barley-and-coconut-baby-food-pouch-10+-month-170g-5044091",
  "unit_size": "$1.71 per 100g",
  "Allergen": "",
  "upc": "Code: 5044091",
  "Retail_limit": "Retail limit: 40"
}{
  "Product_name": "Farex Breakfast On The Go Porridge with Apple Baby Food Cereal | 120g",
  "Product_details": "",
  "price": "$1.50",
  "Ingredients": "Full Cream Milk (31%), Apple Juice (31%), Water, Cooked Oats (14%) (Contain Traces of Wheat), Oat Bran (3.4%), Cinnamon Extract, Natural Flavour.",
  "url": "https://www.coles.com.au//product/farex-breakfast-on-the-go-porridge-with-apple-baby-food-cereal-120g-8997018",
  "unit_size": "$1.25 per 100g",
  "Allergen": "Contains Wheat, Milk, Gluten, Oats",
  "upc": "Code: 8997018",
  "Retail_limit": "Retail limit: 40"
}{
  "Product_name": "Only Organic Sweet Potato Lamb & Couscous Baby Food Pouch 10+ Months | 170g",
  "Product_details": "",
  "price": "$2.90",
  "Ingredients": "Vegetables (Sweet Potato* (18%), Carrot*, Onion*, Peas*), Water, Lamb* (6%), Couscous* (Wheat) (5%), Tomato Paste*, Ground Rice*, Garlic*, Parsley**Certified Organic Ingredients",
  "url": "https://www.coles.com.au//product/only-organic-sweet-potato-lamb-and-couscous-baby-food-pouch-10+-months-170g-3499771",
  "unit_size": "$1.71 per 100g",
  "Allergen": "",
  "upc": "Code: 3499771",
  "Retail_limit": "Retail limit: 40"
}{
  "Product_name": "Bellamy's Organic Pumpkin Carrot Broccoli & Grass-Fed Beef Baby Food Pouch | 170g",
  "Product_details": "",
  "price": "$3.00",
  "Ingredients": "",
  "url": "https://www.coles.com.au//product/bellamy's-organic-pumpkin-carrot-broccoli-and-grass-fed-beef-baby-food-pouch-170g-5044502",
  "unit_size": "$1.76 per 100g",
  "Allergen": "Contains Milk",
  "upc": "Code: 5044502",
  "Retail_limit": "Retail limit: 40"
}{
  "Product_name": "Tommee Tippee Baby Fresh Food Feeder 4m+ | 1 pack",
  "Product_details": "",
  "price": "$8.00",
  "Ingredients": "",
  "url": "https://www.coles.com.au//product/tommee-tippee-baby-fresh-food-feeder-4m+-1-pack-2930149",
  "unit_size": "$8.00 per 1ea",
  "Allergen": "",
  "upc": "Code: 2930149",
  "Retail_limit": "Retail limit: 20"
}{
  "Product_name": "Only Organic Mango Rice Pudding Baby Food Pouch 8+ Months | 120g",
  "Product_details": "",
  "price": "$2.15",
  "Ingredients": "",
  "url": "https://www.coles.com.au//product/only-organic-mango-rice-pudding-baby-food-pouch-8+-months-120g-2134019",
  "unit_size": "$1.79 per 100g",
  "Allergen": "",
  "upc": "Code: 2134019",
  "Retail_limit": "Retail limit: 40"
}{
  "Product_name": "Only Organic Creamy Rice Pudding Baby Food Pouch 8+ Months | 120g",
  "Product_details": "",
  "price": "$2.15",
  "Ingredients": "",
  "url": "https://www.coles.com.au//product/only-organic-creamy-rice-pudding-baby-food-pouch-8+-months-120g-2134020",
  "unit_size": "$1.79 per 100g",
  "Allergen": "",
  "upc": "Code: 2134020",
  "Retail_limit": "Retail limit: 40"
}{
  "Product_name": "Only Organic Mango & Yoghurt Brekkie Baby Food Pouch 8+ Months | 120g",
  "Product_details": "",
  "price": "$2.15",
  "Ingredients": "",
  "url": "https://www.coles.com.au//product/only-organic-mango-and-yoghurt-brekkie-baby-food-pouch-8+-months-120g-2134336",
  "unit_size": "$1.79 per 100g",
  "Allergen": "",
  "upc": "Code: 2134336",
  "Retail_limit": "Retail limit: 40"
}{
  "Product_name": "Only Organic Banana Berries & Yoghurt Brekkie Baby Food Pouch 8+ Months | 120g",
  "Product_details": "",
  "price": "$2.15",
  "Ingredients": "Banana* (42%), Apple*, Water, Berries (Raspberry*, Blueberry*, Blackberry*) (8%), Yoghurt* (Cultured Milk) (5%), Ground Rice*, Whole Milk Powder*, Vitamin C,  Acidity Regulator (Citric Acid).",
  "url": "https://www.coles.com.au//product/only-organic-banana-berries-and-yoghurt-brekkie-baby-food-pouch-8+-months-120g-2134358",
  "unit_size": "$1.79 per 100g",
  "Allergen": "",
  "upc": "Code: 2134358",
  "Retail_limit": "Retail limit: 40"
}{
  "Product_name": "Only Organic Pumpkin Potato & Beef Baby Food 8+ Months | 170g",
  "Product_details": "",
  "price": "$2.90",
  "Ingredients": "Water, Vegetables (Pumpkin* (13%), Carrot*, Potato* (11%), Peas*), Beef* (9%), Tomato Paste*, Rice*, Ground Rice*.*Certified Organic Ingredients",
  "url": "https://www.coles.com.au//product/only-organic-pumpkin-potato-and-beef-baby-food-8+-months-170g-3288787",
  "unit_size": "$1.71 per 100g",
  "Allergen": "",
  "upc": "Code: 3288787",
  "Retail_limit": "Retail limit: 40"
}{
  "Product_name": "Only Organic Carrots Red Lentils & Cheddar Baby Food Pouch 8+ Months | 120g",
  "Product_details": "",
  "price": "$2.15",
  "Ingredients": "",
  "url": "https://www.coles.com.au//product/only-organic-carrots-red-lentils-and-cheddar-baby-food-pouch-8+-months-120g-8988935",
  "unit_size": "$1.79 per 100g",
  "Allergen": "",
  "upc": "Code: 8988935",
  "Retail_limit": "Retail limit: 40"
}{
  "Product_name": "Only Organic Minted Peas Blackcurrant & Lamb Baby Food Pouch 8+ Months | 120g",
  "Product_details": "",
  "price": "$2.15",
  "Ingredients": "",
  "url": "https://www.coles.com.au//product/only-organic-minted-peas-blackcurrant-and-lamb-baby-food-pouch-8+-months-120g-8988957",
  "unit_size": "$1.79 per 100g",
  "Allergen": "",
  "upc": "Code: 8988957",
  "Retail_limit": "Retail limit: 40"
}{
  "Product_name": "Heinz Simply Custard Banana 6+ Months | 120g",
  "Product_details": "",
  "price": "$1.50",
  "Ingredients": "Full Cream Milk (57%), Water, Sugar, Cornflour, Banana Puree (3.8%), Unsalted Butter (Milk), Natural Banana Flavour, Natural Vanilla Flavour. Sweetened.   Contains: Milk.",
  "url": "https://www.coles.com.au//product/heinz-simply-custard-banana-6+-months-120g-7916098",
  "unit_size": "$1.25 per 100g",
  "Allergen": "Contains Milk",
  "upc": "Code: 7916098",
  "Retail_limit": "Retail limit: 40"
}{
  "Product_name": "Bellamy's Organic Baby Rice With Prebiotic (GOS) | 125g",
  "Product_details": "",
  "price": "$4.20",
  "Ingredients": "",
  "url": "https://www.coles.com.au//product/bellamy's-organic-baby-rice-with-prebiotic-(gos)-125g-3292820",
  "unit_size": "$3.36 per 100g",
  "Allergen": "",
  "upc": "Code: 3292820",
  "Retail_limit": "Retail limit: 40"
}{
  "Product_name": "Heinz Pureed Apple & Oatmeal 6+ Months | 170g",
  "Product_details": "",
  "price": "$1.50",
  "Ingredients": "Apple Puree (62%), Water, Oatmeal (7%) (Contains Traces of Wheat), Cinnamon Flavour.",
  "url": "https://www.coles.com.au//product/heinz-pureed-apple-and-oatmeal-6+-months-170g-8771988",
  "unit_size": "$0.88 per 100g",
  "Allergen": "Contains Wheat, Gluten, Oats",
  "upc": "Code: 8771988",
  "Retail_limit": "Retail limit: 40"
}{
  "Product_name": "Little Bellies Baby Puffs Carrot | 12g",
  "Product_details": "",
  "price": "$2.00",
  "Ingredients": "Organic Corn Flour (73%), Organic High Oleic Sunflower Oil, Organic Carrot Powder (7%), Organic Rice Flour, Mineral (Iron), Vitamin (Vitamin B1), Organic Antioxidant (Organic Rosemary Extract).",
  "url": "https://www.coles.com.au//product/little-bellies-baby-puffs-carrot-12g-3018374",
  "unit_size": "$16.67 per 100g",
  "Allergen": "",
  "upc": "Code: 3018374",
  "Retail_limit": "Retail limit: 40"
}{
  "Product_name": "Rafferty's Garden Pureed Apple Pear & Cinnamon 4+ Months | 120g",
  "Product_details": "",
  "price": "$2.15",
  "Ingredients": "Apple (60%), Pear (39.9%), Cinnamon (0.1%), <0.5% Fruit Acid (Citric Acid).",
  "url": "https://www.coles.com.au//product/rafferty's-garden-pureed-apple-pear-and-cinnamon-4+-months-120g-6027189",
  "unit_size": "$1.79 per 100g",
  "Allergen": "",
  "upc": "Code: 6027189",
  "Retail_limit": "Retail limit: 40"
}{
  "Product_name": "Only Organic Pear Banana & Apple 6+ Months | 120g",
  "Product_details": "",
  "price": "$2.15",
  "Ingredients": "",
  "url": "https://www.coles.com.au//product/only-organic-pear-banana-and-apple-6+-months-120g-7761060",
  "unit_size": "$1.79 per 100g",
  "Allergen": "",
  "upc": "Code: 7761060",
  "Retail_limit": "Retail limit: 40"
}{
  "Product_name": "Nestle Cerelac Baby Rice Cereal Stage 1 | 200g",
  "Product_details": "",
  "price": "$5.00",
  "Ingredients": "Rice Flour (Contains Soy), Vegetable Oils, Maltodextrin, Vitamin C, Mineral (Iron), Culture (Bifidus), Antioxidants (Mixed Tocopherols Concentrate, Ascorbyl Palmitate).",
  "url": "https://www.coles.com.au//product/nestle-cerelac-baby-rice-cereal-stage-1-200g-7760476",
  "unit_size": "$2.50 per 100g",
  "Allergen": "May Be Present Milk",
  "upc": "Code: 7760476",
  "Retail_limit": "Retail limit: 40"
}{
  "Product_name": "Bellamy's Organic Porridge Baby Cereal | 125g",
  "Product_details": "",
  "price": "$4.00",
  "Ingredients": "",
  "url": "https://www.coles.com.au//product/bellamy's-organic-porridge-baby-cereal-125g-6038006",
  "unit_size": "$3.20 per 100g",
  "Allergen": "",
  "upc": "Code: 6038006",
  "Retail_limit": "Retail limit: 40"
}{
  "Product_name": "Little Bellies Apple & Cinnamon Baby Puffs | 12g",
  "Product_details": "",
  "price": "$2.00",
  "Ingredients": "",
  "url": "https://www.coles.com.au//product/little-bellies-apple-and-cinnamon-baby-puffs-12g-2800846",
  "unit_size": "$16.67 per 100g",
  "Allergen": "",
  "upc": "Code: 2800846",
  "Retail_limit": "Retail limit: 40"
}{
  "Product_name": "Rafferty's Garden Pureed Pear & Apricot 4+ Months | 120g",
  "Product_details": "We know that mums want the best for their babies so this pouch contains premium fruit and vegetables. Made in Australia with NOTHING ELSE except for Pear & Apricot and no preservatives, no artificial colours or preservatives, no added salt or sugar, just delicious, nutritious goodness for your baby. With its smooth texture it's the perfect first food for bubs trying pureed solid food for the first time. This Pear & Apricot pouch is a delicious combination of fruit for your growing little one.",
  "price": "$2.15",
  "Ingredients": "Pear (85%), Apricot (15%), <0.5% Fruit Acid (Citric Acid).",
  "url": "https://www.coles.com.au//product/rafferty's-garden-pureed-pear-and-apricot-4+-months-120g-7572126",
  "unit_size": "$1.79 per 100g",
  "Allergen": "",
  "upc": "Code: 7572126",
  "Retail_limit": "Retail limit: 40"
}{
  "Product_name": "Heinz Simply 6m+ Vanilla Custard Pouch | 120g",
  "Product_details": "",
  "price": "$1.50",
  "Ingredients": "Full Cream Milk (57%), Water, Sugar, Cornflour, Unsalted Butter (Milk), Natural Vanilla Flavour. Sweetened.   Contains: Milk.",
  "url": "https://www.coles.com.au//product/heinz-simply-6m+-vanilla-custard-pouch-120g-3025063",
  "unit_size": "$1.25 per 100g",
  "Allergen": "Contains Milk",
  "upc": "Code: 3025063",
  "Retail_limit": "Retail limit: 40"
}{
  "Product_name": "Nestle Cerelac Multigrain with Pear Baby Cereal Stage 3 | 200g",
  "Product_details": "",
  "price": "$5.00",
  "Ingredients": "Wheat Flour, (contains Soy), Whole grain Wheat Flour, Corn Flakes, Oat Flour, Pear Flakes (Pear 8.8%), Spelt Flour, Rye Flour, Barley Flour, Vegetable Oils, Maltodextrin, Corn Starch, Emulsifiers (Sunflower Lecithin), Mineral (Iron), Vitamins [C, Niacin, B6, Thiamin (B1)], Culture (Bifidus), Antioxidants (Tocopherols Concentrate Mixed, Ascorbyl Palmitate). May contain Milk.",
  "url": "https://www.coles.com.au//product/nestle-cerelac-multigrain-with-pear-baby-cereal-stage-3-200g-8674529",
  "unit_size": "$2.50 per 100g",
  "Allergen": "May Be Present Milk. Contains Wheat, Soy, Barley, Oats, Rye",
  "upc": "Code: 8674529",
  "Retail_limit": "Retail limit: 40"
}{
  "Product_name": "Haddar  Sweet Whole Baby Corn | 410g",
  "Product_details": "",
  "price": "$5.50",
  "Ingredients": "Baby Corn, Water, Salt & Citric Acid",
  "url": "https://www.coles.com.au//product/haddar-sweet-whole-baby-corn-410g-3652121",
  "unit_size": "$1.34 per 100g",
  "Allergen": "",
  "upc": "Code: 3652121",
  "Retail_limit": "Retail limit: 20"
}{
  "Product_name": "Heinz Pureed Beef & Vegetable Casserole 8 + Months | 170g",
  "Product_details": "",
  "price": "$1.50",
  "Ingredients": "Vegetables (60%) (Pumpkin, Tomato Puree, Sweet Potato, Sweet Corn, Onion, Carrots, Peas, Spinach), Brown Rice, Beef (10%), Curry Spices, White Pepper.",
  "url": "https://www.coles.com.au//product/heinz-pureed-beef-and-vegetable-casserole-8-+-months-170g-4488930",
  "unit_size": "$0.88 per 100g",
  "Allergen": "",
  "upc": "Code: 4488930",
  "Retail_limit": "Retail limit: 40"
}{
  "Product_name": "Heinz Mango & Vanilla Custard Pouch 8M+ | 120g",
  "Product_details": "",
  "price": "$1.50",
  "Ingredients": "Full Cream Milk (57%), Water, Sugar, Mango Puree (4.0%), Cornflour, Unsalted Butter (Milk), Natural Mango Flavour, Natural Vanilla Flavour. Sweetened. Contains: Milk.",
  "url": "https://www.coles.com.au//product/heinz-mango-and-vanilla-custard-pouch-8m+-120g-3760408",
  "unit_size": "$1.25 per 100g",
  "Allergen": "Contains Milk",
  "upc": "Code: 3760408",
  "Retail_limit": "Retail limit: 40"
}{
  "Product_name": "Nestle Cerelac Oats & Wheat with Prune Baby Cereal Stage 2 | 200g",
  "Product_details": "",
  "price": "$5.00",
  "Ingredients": "Oat Flour, Wheat Flour (contains soy), Prune Flakes (Prune 6.5%), Corn Starch, Maltodextrin, Emulsifier (sunflower lecithin), Mineral (Iron), Vitamins [C, Niacin, Thiamin (B1), B6], Culture (Bifidus).",
  "url": "https://www.coles.com.au//product/nestle-cerelac-oats-and-wheat-with-prune-baby-cereal-stage-2-200g-3567099",
  "unit_size": "$2.50 per 100g",
  "Allergen": "May Be Present Milk. Contains Wheat, Soybean, Oats",
  "upc": "Code: 3567099",
  "Retail_limit": "Retail limit: 40"
}{
  "Product_name": "Hanabi Frozen Steamed Baby Scallops | 500g",
  "Product_details": "",
  "price": "$8.50",
  "Ingredients": "",
  "url": "https://www.coles.com.au//product/hanabi-frozen-steamed-baby-scallops-500g-2143257",
  "unit_size": "$1.70 per 100g",
  "Allergen": "",
  "upc": "Code: 2143257",
  "Retail_limit": "Retail limit: 20"
}{
  "Product_name": "Royal Fields Baby Peppers Biberiye Pickles | 340g",
  "Product_details": "Pickled baby peppers by Royal Fields, prepared using traditional methods and recipes combined with the freshest ingredients to create high quality delicious products. Country of origin Turkey.",
  "price": "$4.30",
  "Ingredients": "Peppers, Water, Salt, Citric Acid E330, Acetic Acid E260, Potassium Sorbate E202",
  "url": "https://www.coles.com.au//product/royal-fields-baby-peppers-biberiye-pickles-340g-3817550",
  "unit_size": "$1.26 per 100g",
  "Allergen": "",
  "upc": "Code: 3817550",
  "Retail_limit": "Retail limit: 24"
}{
  "Product_name": "Nestle Cerelac Multigrain with Banana & Apple Baby Cereal Stage 3 | 200g",
  "Product_details": "",
  "price": "$5.00",
  "Ingredients": "Wheat Flour [Processing Aid (Soy)] (41%), Wholegrain Wheat Flour (18%), Banana Flakes (Banana 10%), Corn Flakes (9%), Oat Flour (8%), Apple Flakes (Apple 5%), Corn Flour (1.5%), Rye Flour (1.5%), Barley Flour (1.5%), Vegetable Oils, Spelt Flour (Wheat) (1%), Rice Flour (0.5%), Triticale Flour (Wheat) (0.5%), Maltodextrin, Corn Starch, Emulsifier (Sunflower Lecithin), Mineral (Iron), Vitamins [C, Niacin, B6, Thiamin (B1)], Culture (Bifidobacterium lactis), Antioxidants (Mixed Tochopherols Concentrate, Ascorbyl Palmitate).",
  "url": "https://www.coles.com.au//product/nestle-cerelac-multigrain-with-banana-and-apple-baby-cereal-stage-3-200g-3029600",
  "unit_size": "$2.50 per 100g",
  "Allergen": "May Be Present Milk. Contains Wheat, Soybean, Barley, Oats, Rye, Cereals Containing G",
  "upc": "Code: 3029600",
  "Retail_limit": "Retail limit: 40"
}{
  "Product_name": "Only Organic Banana Blueberry & Quinoa | 120g",
  "Product_details": "",
  "price": "$2.15",
  "Ingredients": "banana (83%), water, blueberry (4%), Quinoa (2%), acidity regulator (citric acid), antioxidant (ascorbic acid), vanilla extract.",
  "url": "https://www.coles.com.au//product/only-organic-banana-blueberry-and-quinoa-120g-2134289",
  "unit_size": "$1.79 per 100g",
  "Allergen": "",
  "upc": "Code: 2134289",
  "Retail_limit": "Retail limit: 40"
}{
  "Product_name": "Rafferty's Garden Mango Apple & Sweet Potato 4+ Months | 120g",
  "Product_details": "We know that mums want the best for their babies so this pouch contains premium fruit and vegetables. Made in Australia with NOTHING ELSE except for Mango, Apple & Sweet Potato and no preservatives, no artificial colours or preservatives, no added salt or sugar, just delicious, nutritious goodness for your baby. With its smooth texture it's the perfect first food for bubs trying pureed solid food for the first time. This Mango, Apple & Sweet Potato pouch is a delicious combination of fruits with hidden veggies. Give it a try, we are sure your baby will love it!",
  "price": "$2.15",
  "Ingredients": "Apple (77%), Mango (19%), Sweet Potato (4%), <0.5% Fruit Acid (Citric Acid).",
  "url": "https://www.coles.com.au//product/rafferty's-garden-mango-apple-and-sweet-potato-4+-months-120g-3620464",
  "unit_size": "$1.79 per 100g",
  "Allergen": "",
  "upc": "Code: 3620464",
  "Retail_limit": "Retail limit: 40"
}{
  "Product_name": "Heinz Strawberry & Vanilla Custard 8+ Months | 120g",
  "Product_details": "",
  "price": "$1.50",
  "Ingredients": "Full Cream Milk (57%), Water, Sugar, Cornflour, Unsalted Butter (Milk), Strawberry Juice (1.1%), Natural Strawberry Flavour, Natural Vanilla Flavour. Sweetened.   Contains: Milk.",
  "url": "https://www.coles.com.au//product/heinz-strawberry-and-vanilla-custard-8+-months-120g-2011121",
  "unit_size": "$1.25 per 100g",
  "Allergen": "Contains Milk",
  "upc": "Code: 2011121",
  "Retail_limit": "Retail limit: 40"
}{
  "Product_name": "Heinz Apple Strawberry & Passionfruit 8+ Months | 120g",
  "Product_details": "",
  "price": "$1.50",
  "Ingredients": "Apple Puree (87%), Strawberry Puree (11%), Passionfruit Juice (2.0%).",
  "url": "https://www.coles.com.au//product/heinz-apple-strawberry-and-passionfruit-8+-months-120g-2366681",
  "unit_size": "$1.25 per 100g",
  "Allergen": "",
  "upc": "Code: 2366681",
  "Retail_limit": "Retail limit: 40"
}{
  "Product_name": "Nature's Way Super Foods Collagen + Turmeric 71g | 60 pack",
  "Product_details": "",
  "price": "$10.50",
  "Ingredients": "Curcuma longa (Turmeric) rhizome ext. dry conc. 52.63mg, equiv to root dry 1.316g, Hydrolysed Collagen 600mg, per tablet.",
  "url": "https://www.coles.com.au//product/nature's-way-super-foods-collagen-+-turmeric-71g-60-pack-3470408",
  "unit_size": "$0.18 per 1ea | Was $21.00",
  "Allergen": "Contains Phenylalanine",
  "upc": "Code: 3470408",
  "Retail_limit": "Retail limit: 20"
}{
  "Product_name": "Only Organic Wild Rice Risotto & Spring Lamb 6+ Months | 120g",
  "Product_details": "",
  "price": "$2.15",
  "Ingredients": "",
  "url": "https://www.coles.com.au//product/only-organic-wild-rice-risotto-and-spring-lamb-6+-months-120g-8989086",
  "unit_size": "$1.79 per 100g",
  "Allergen": "",
  "upc": "Code: 8989086",
  "Retail_limit": "Retail limit: 40"
}{
  "Product_name": "Bellamy's Organic Apple & Cinnamon Baby Porridge Cereal Pouch 6+ Months | 125g",
  "Product_details": "",
  "price": "$4.00",
  "Ingredients": "",
  "url": "https://www.coles.com.au//product/bellamy's-organic-apple-and-cinnamon-baby-porridge-cereal-pouch-6+-months-125g-6448799",
  "unit_size": "$3.20 per 100g",
  "Allergen": "",
  "upc": "Code: 6448799",
  "Retail_limit": "Retail limit: 40"
}{
  "Product_name": "Rafferty's Garden Pumpkin Pear & Peach 4M+ | 120g",
  "Product_details": "We know that mums want the best for their babies so this pouch contains premium fruit and vegetables. Made in Australia with NOTHING ELSE except for Pumpkin, Pear & Peach and no preservatives, no artificial colours or preservatives, no added salt or sugar, just delicious, nutritious goodness for your baby. With its smooth texture it's the perfect first food for bubs trying pureed solid food for the first time.",
  "price": "$2.15",
  "Ingredients": "Pear (70%), Pumpkin (25%), Peach (5%), <0.5% Fruit Acid (Citric Acid).",
  "url": "https://www.coles.com.au//product/rafferty's-garden-pumpkin-pear-and-peach-4m+-120g-3766492",
  "unit_size": "$1.79 per 100g",
  "Allergen": "",
  "upc": "Code: 3766492",
  "Retail_limit": "Retail limit: 40"
}{
  "Product_name": "Heinz Lamb & Veg 6+ Months | 170g",
  "Product_details": "",
  "price": "$1.50",
  "Ingredients": "Vegetables [Pumpkin (20%), Tomato, Sweet Potato (15%), Onion, Spinach], Brown Rice (21%), Lamb (10%), Water, Couscous (Wheat), Coriander.   Contains: Wheat, Gluten.",
  "url": "https://www.coles.com.au//product/heinz-lamb-and-veg-6+-months-170g-2366740",
  "unit_size": "$0.88 per 100g",
  "Allergen": "Contains Wheat, Gluten",
  "upc": "Code: 2366740",
  "Retail_limit": "Retail limit: 40"
}{
  "Product_name": "Only Organic Vanilla Bean Custard 6+ Months | 120g",
  "Product_details": "",
  "price": "$2.15",
  "Ingredients": "",
  "url": "https://www.coles.com.au//product/only-organic-vanilla-bean-custard-6+-months-120g-1188464",
  "unit_size": "$1.79 per 100g",
  "Allergen": "",
  "upc": "Code: 1188464",
  "Retail_limit": "Retail limit: 40"
}{
  "Product_name": "Rafferty's Garden 4M+ My First Apple | 120g",
  "Product_details": "We know that mums want the best for their babies so this pouch contains premium fruit and vegetables. Made in Australia with NOTHING ELSE except for Apple and no preservatives, no artificial colours or preservatives, no added salt or sugar, just delicious, nutritious goodness for your baby. With its smooth texture it's the perfect first food for bubs trying pureed solid food for the first time. This pouch is made with pure apple puree and is a great way to transition your baby onto solids or mix into cereal for extra flavour.",
  "price": "$2.15",
  "Ingredients": "Apple (100%), <0.5% Fruit Acid (Citric Acid).",
  "url": "https://www.coles.com.au//product/rafferty's-garden-4m+-my-first-apple-120g-3018807",
  "unit_size": "$1.79 per 100g",
  "Allergen": "",
  "upc": "Code: 3018807",
  "Retail_limit": "Retail limit: 40"
}{
  "Product_name": "Rafferty's Garden 4M+ My First Pear | 120g",
  "Product_details": "We know that mums want the best for their babies so this pouch contains premium fruit and vegetables. Made in Australia with NOTHING ELSE except for Pear and no preservatives, no artificial colours or preservatives, no added salt or sugar, just delicious, nutritious goodness for your baby. With its smooth texture it's the perfect first food for bubs trying pureed solid food for the first time. This pouch is made with pure pear puree and is a great way to transition your baby onto solids or mix into cereal for extra flavour.",
  "price": "$2.15",
  "Ingredients": "Pear (100%), <0.5% Fruit Acid (Citric Acid).",
  "url": "https://www.coles.com.au//product/rafferty's-garden-4m+-my-first-pear-120g-3018830",
  "unit_size": "$1.79 per 100g",
  "Allergen": "",
  "upc": "Code: 3018830",
  "Retail_limit": "Retail limit: 40"
}{
  "Product_name": "Rafferty's Garden Smooth Pear & Prune  | 120g",
  "Product_details": "We know that mums want the best for their babies so this pouch contains premium fruit and vegetables. Made in Australia with NOTHING ELSE except for Pear & Prune and no preservatives, no artificial colours or preservatives, no added salt or sugar, just delicious, nutritious goodness for your baby. With its smooth texture it's the perfect first food for bubs trying pureed solid food for the first time. This Pear & Prune pouch is a tasty combination of fruit for your baby, packed with the goodness of pears and prunes to aid with constipation as well as a delicious snack!",
  "price": "$2.15",
  "Ingredients": "Pear (91%), Prune (9%), <0.5% Fruit Acid (Citric Acid).",
  "url": "https://www.coles.com.au//product/rafferty's-garden-smooth-pear-and-prune-120g-3625082",
  "unit_size": "$1.79 per 100g",
  "Allergen": "",
  "upc": "Code: 3625082",
  "Retail_limit": "Retail limit: 40"
}{
  "Product_name": "Heinz Pureed Fruity Apples 4+ Months Glass Jar | 110g",
  "Product_details": "",
  "price": "$1.00",
  "Ingredients": "Apple Puree (100%).",
  "url": "https://www.coles.com.au//product/heinz-pureed-fruity-apples-4+-months-glass-jar-110g-114779",
  "unit_size": "$0.91 per 100g",
  "Allergen": "",
  "upc": "Code: 114779",
  "Retail_limit": "Retail limit: 40"
}{
  "Product_name": "Heinz Pureed Fruity Pears 4+ Months Glass Jar | 110g",
  "Product_details": "",
  "price": "$1.00",
  "Ingredients": "Pear Puree (100%).",
  "url": "https://www.coles.com.au//product/heinz-pureed-fruity-pears-4+-months-glass-jar-110g-166353",
  "unit_size": "$0.91 per 100g",
  "Allergen": "",
  "upc": "Code: 166353",
  "Retail_limit": "Retail limit: 40"
}{
  "Product_name": "Rafferty's Garden Apple Snack Bars 12+ Months | 128g",
  "Product_details": "Our Apple Snack Bars are the delicious cereal based bar with tasty real fruit puree filling. These soft, easy to eat texture bars are perfect for little hands to hold and eat themselves. Individually wrapped for freshness, they're great whether you're out on the go or at home.",
  "price": "$4.50",
  "Ingredients": "Wheat Flour, Apple Paste (30%) [Apple Puree Concentrate (48%), Sugar, Glucose, Humectant (Glycerol), Wheat Fibre, Citrus Fibre, Acid (Malic), Natural Flavour, Ground Cinnamon], Dextrose, Water, Wholegrain Oat Flour (5%), Butter (Contains Milk), Sugar, Whey Powder (From Milk), Humectant (Glycerol), Canola Oil, Raising Agent (500, 450, 341, 541), Whey Protein Concentrate (From Milk), Natural Flavour, Emulsifier (Soy Lecithin), Caramelised Sugar, Ground Cinnamon.",
  "url": "https://www.coles.com.au//product/rafferty's-garden-apple-snack-bars-12+-months-128g-7572228",
  "unit_size": "$3.52 per 100g",
  "Allergen": "",
  "upc": "Code: 7572228",
  "Retail_limit": "Retail limit: 40"
}{
  "Product_name": "Bellamy's Organic Apple Baby Snacks | 20g",
  "Product_details": "",
  "price": "$3.50",
  "Ingredients": "",
  "url": "https://www.coles.com.au//product/bellamy's-organic-apple-baby-snacks-20g-6487735",
  "unit_size": "$17.50 per 100g",
  "Allergen": "",
  "upc": "Code: 6487735",
  "Retail_limit": "Retail limit: 40"
}{
  "Product_name": "Coles Banana Porridge 6+ Months | 120g",
  "Product_details": "",
  "price": "$1.00",
  "Ingredients": "INGREDIENTS LIST: Water, Apple Puree (30%), Banana Puree (25%), Oat Flour (2.5%), Rice Flour, Acidity Regulator (330), Cinnamon.",
  "url": "https://www.coles.com.au//product/coles-banana-porridge-6+-months-120g-3961975",
  "unit_size": "$0.83 per 100g",
  "Allergen": "May Contain MILK, SOY. Contains CEREALS CONTAINING G, Oats",
  "upc": "Code: 3961975",
  "Retail_limit": "Retail limit: 20"
}{
  "Product_name": "Coles Vanilla Custard 6+ Months | 120g",
  "Product_details": "",
  "price": "$1.00",
  "Ingredients": "INGREDIENTS: Water, Milk Powder (6%), Thickeners (Corn Starch, Xanthan Gum), Sugar, Cream [Milk], Natural Vanilla Flavouring.",
  "url": "https://www.coles.com.au//product/coles-vanilla-custard-6+-months-120g-3962016",
  "unit_size": "$0.83 per 100g",
  "Allergen": "May Contain SOY, CEREALS CONTAINING G. Contains MILK",
  "upc": "Code: 3962016",
  "Retail_limit": "Retail limit: 20"
}{
  "Product_name": "Coles Beef With Vegetables 6+ Months | 120g",
  "Product_details": "",
  "price": "$1.00",
  "Ingredients": "INGREDIENTS LIST: Water, Vegetables (40%) (Potato, Sweet Potato, Parsnip, Onion), Tomato Paste, No Added Hormone Australian Beef(9%), Rice Flour, Herbs (Parsley, Oregano).",
  "url": "https://www.coles.com.au//product/coles-beef-with-vegetables-6+-months-120g-3962038",
  "unit_size": "$0.83 per 100g",
  "Allergen": "May Contain MILK, SOY, CEREALS CONTAINING G",
  "upc": "Code: 3962038",
  "Retail_limit": "Retail limit: 20"
}{
  "Product_name": "Coles Chicken With Vegetables 6+ Months | 120g",
  "Product_details": "",
  "price": "$1.00",
  "Ingredients": "INGREDIENTS LIST: Water, Vegetables (38%) (Potato, Carrot, Pumpkin, Onion), RSPCA Approved Chicken Breast(9%),Rice Flour, Olive Oil, Oregano.",
  "url": "https://www.coles.com.au//product/coles-chicken-with-vegetables-6+-months-120g-3962049",
  "unit_size": "$0.83 per 100g",
  "Allergen": "May Contain MILK, SOY, CEREALS CONTAINING G",
  "upc": "Code: 3962049",
  "Retail_limit": "Retail limit: 20"
}{
  "Product_name": "Baby Bellies Banana Pick Up Sticks 7+ Months | 16g",
  "Product_details": "",
  "price": "$3.75",
  "Ingredients": "Organic Corn Flour (75%), Organic Sunflower Oil, Organic Banana Powder (12%), Mineral (Iron), Organic Antioxidant (Organic Rosemary Extract).",
  "url": "https://www.coles.com.au//product/baby-bellies-banana-pick-up-sticks-7+-months-16g-4163470",
  "unit_size": "$23.44 per 100g",
  "Allergen": "",
  "upc": "Code: 4163470",
  "Retail_limit": "Retail limit: 40"
}{
  "Product_name": "CUB Organic Banana Custard Pouch 6M+ | 120g",
  "Product_details": "",
  "price": "$1.60",
  "Ingredients": "INGREDIENTS: Water, Organic Banana Puree (15%), Organic Full Cream Milk Powder, Organic Modified Tapioca Starch, Organic Pear Juice, Natural Flavouring.",
  "url": "https://www.coles.com.au//product/cub-organic-banana-custard-pouch-6m+-120g-3973395",
  "unit_size": "$1.33 per 100g",
  "Allergen": "Contains MILK",
  "upc": "Code: 3973395",
  "Retail_limit": "Retail limit: 40"
}{
  "Product_name": "Coles Apple Pear And Banana 6+ Months | 120g",
  "Product_details": "",
  "price": "$1.00",
  "Ingredients": "INGREDIENTS LIST: Apple Puree (60%), Pear Puree (20%), Banana Puree (20%), Acidity Regulator (330).",
  "url": "https://www.coles.com.au//product/coles-apple-pear-and-banana-6+-months-120g-3961931",
  "unit_size": "$0.83 per 100g",
  "Allergen": "May Contain MILK, SOY, CEREALS CONTAINING G",
  "upc": "Code: 3961931",
  "Retail_limit": "Retail limit: 20"
}{
  "Product_name": "Baby Mum-Mum Organic Rice Rusks Blueberry & Carrot 12+ Months | 36g",
  "Product_details": "Baby Mum Mum Rice Rusks are full of wholesome ingredients, containing no artificial colours, flavours or preservatives.",
  "price": "$3.50",
  "Ingredients": "",
  "url": "https://www.coles.com.au//product/baby-mum-mum-organic-rice-rusks-blueberry-and-carrot-12+-months-36g-2800347",
  "unit_size": "$9.72 per 100g",
  "Allergen": "",
  "upc": "Code: 2800347",
  "Retail_limit": "Retail limit: 40"
}{
  "Product_name": "Baby Mum-Mum Vegetable Rice 18 Rusks 8+ Months | 36g",
  "Product_details": "Baby Mum Mum Rice Rusks are full of wholesome ingredients, containing no artificial colours, flavours or preservatives.",
  "price": "$3.50",
  "Ingredients": "",
  "url": "https://www.coles.com.au//product/baby-mum-mum-vegetable-rice-18-rusks-8+-months-36g-8953861",
  "unit_size": "$9.72 per 100g",
  "Allergen": "",
  "upc": "Code: 8953861",
  "Retail_limit": "Retail limit: 40"
}{
  "Product_name": "Baby Mum-Mum Banana Flavoured Rice 18 Rusks 12+ Months | 36g",
  "Product_details": "Baby Mum Mum Rice Rusks are full of wholesome ingredients, containing no artificial colours, flavours or preservatives.",
  "price": "$3.50",
  "Ingredients": "",
  "url": "https://www.coles.com.au//product/baby-mum-mum-banana-flavoured-rice-18-rusks-12+-months-36g-8953850",
  "unit_size": "$9.72 per 100g",
  "Allergen": "",
  "upc": "Code: 8953850",
  "Retail_limit": "Retail limit: 40"
}{
  "Product_name": "Bellamy's Organic Apple & Pear Baby Snacks | 20g",
  "Product_details": "",
  "price": "$3.50",
  "Ingredients": "",
  "url": "https://www.coles.com.au//product/bellamy's-organic-apple-and-pear-baby-snacks-20g-6448824",
  "unit_size": "$17.50 per 100g",
  "Allergen": "",
  "upc": "Code: 6448824",
  "Retail_limit": "Retail limit: 40"
}{
  "Product_name": "B.box Mini Insulated Food Jar | 1 each",
  "Product_details": "",
  "price": "$23.00",
  "Ingredients": "",
  "url": "https://www.coles.com.au//product/b.box-mini-insulated-food-jar-1-each-5244476",
  "unit_size": "$23.00 per 1ea",
  "Allergen": "",
  "upc": "Code: 5244476",
  "Retail_limit": "Retail limit: 20"
}{
  "Product_name": "Baby Bellies Cauliflower Puffs 10+ Months | 10g",
  "Product_details": "",
  "price": "$2.00",
  "Ingredients": "",
  "url": "https://www.coles.com.au//product/baby-bellies-cauliflower-puffs-10+-months-10g-4163415",
  "unit_size": "$20.00 per 100g",
  "Allergen": "",
  "upc": "Code: 4163415",
  "Retail_limit": "Retail limit: 40"
}{
  "Product_name": "Nestle Cerelac Oats & Wheat Baby Cereal Stage 2 | 200g",
  "Product_details": "",
  "price": "$2.50",
  "Ingredients": "Oat Flour, Wheat Flour (contains Soy), Maltodextrin, Mineral (Iron), Vitamins (C, Niacin, B6, Thiamin (B1)) Culture (Bifidus).",
  "url": "https://www.coles.com.au//product/nestle-cerelac-oats-and-wheat-baby-cereal-stage-2-200g-3567088",
  "unit_size": "$1.25 per 100g | Was $5.00",
  "Allergen": "May Be Present Milk. Contains Wheat, Oats",
  "upc": "Code: 3567088",
  "Retail_limit": "Retail limit: 40"
}{
  "Product_name": "Baby Bellies Organic Banana Softcorn | 30g",
  "Product_details": "Baby Bellies Organic Banana Softcorn are puffed corn for fearless fingers 10+ months. Now in a bigger share pack size. Some for now & more for later!",
  "price": "$4.75",
  "Ingredients": "Organic Corn Flour (72%), Organic Banana Powder (14%), Organic Sunflower Oil, Mineral (Iron), Organic Antioxidant (Organic Rosemary Extract).",
  "url": "https://www.coles.com.au//product/baby-bellies-organic-banana-softcorn-30g-5025370",
  "unit_size": "$15.83 per 100g",
  "Allergen": "",
  "upc": "Code: 5025370",
  "Retail_limit": "Retail limit: 40"
}{
  "Product_name": "Baby Bellies Organic Berry & Apple Softcorn | 30g",
  "Product_details": "Baby Bellies Organic Berry & Apple Softcorn are puffed corn for fearless fingers 10+ months. Now in a bigger share pack size. Some for now & more for later!",
  "price": "$4.75",
  "Ingredients": "Organic Corn Flour (74%), Organic Sunflower Oil, Organic Berry Powder (Organic Strawberry Powder (2%), Organic Raspberry Powder (2%)), Organic Apple Powder (4%), Organic Banana Powder, Mineral (Iron), Organic Antioxidant (Organic Rosemary Extract).",
  "url": "https://www.coles.com.au//product/baby-bellies-organic-berry-and-apple-softcorn-30g-5025440",
  "unit_size": "$15.83 per 100g",
  "Allergen": "",
  "upc": "Code: 5025440",
  "Retail_limit": "Retail limit: 40"
}{
  "Product_name": "Garnier Fructis Hair Food Watermelon | 390mL",
  "Product_details": "",
  "price": "$9.80",
  "Ingredients": "1235927 B - AQUA / WATER  CETEARYL ALCOHOL  GLYCERIN  ISOPROPYL MYRISTATE  STEARAMIDOPROPYL DIMETHYLAMINE  GLYCINE SOJA OIL / SOYBEAN OIL  ALOE BARBADENSIS LEAF JUICE  HELIANTHUS ANNUUS SEED OIL / SUNFLOWER SEED OIL  PUNICA GRANATUM EXTRACT  COCOS NUCIFERA OIL / COCONUT OIL  CITRULLUS LANATUS FRUIT EXTRACT / WATERMELON FRUIT EXTRACT  COCO-CAPRYLATE/CAPRATE  HYDROXYPROPYL GUAR HYDROXYPROPYLTRIMONIUM CHLORIDE  CAPRYLYL GLYCOL  CITRIC ACID  TARTARIC ACID  CETYL ESTERS  POTASSIUM SORBATE  SODIUM BENZOATE  SALICYLIC ACID  CARAMEL  LINALOOL  GERANIOL  LIMONENE  CITRAL  BENZYL ALCOHOL  PARFUM / FRAGRANCE (F.I.L. C256491/1) Please be aware that ingredient lists for the products of our brand are updated regularly. Please refer to the ingredient list on your product package for the most up to date list of ingredients to ensure it is suitable to your personal use.",
  "url": "https://www.coles.com.au//product/garnier-fructis-hair-food-watermelon-390ml-3979642",
  "unit_size": "$2.51 per 100mL | Was $14.00",
  "Allergen": "",
  "upc": "Code: 3979642",
  "Retail_limit": "Retail limit: 20"
}{
  "Product_name": "Garnier Fructis Macadamia Hair Food | 390mL",
  "Product_details": "",
  "price": "$9.80",
  "Ingredients": "1202540 M - Aqua / Water, Cetearyl Alcohol, Glycerin, Isopropyl Myristate, Stearamidopropyl Dimethylamine, Macadamia Integrifolia Seed Oil, Glycine Soja Oil / Soybean Oil, Sodium Hydroxide, Helianthus Annuus Seed Oil / Sunflower Seed Oil, Simmondsia Chinensis Seed Oil / Jojoba Seed Oil, Prunus Amygdalus Dulcis Oil / Sweet Almond Oil, Coco-Caprylate/Caprate, Cocos Nucifera Oil / Coconut Oil, Hydroxypropyl Guar, Hydroxypropyltrimonium Chloride, Caprylyl Glycol, Citric Acid, Tartaric Acid, Cetyl Esters, Salicylic Acid, Caramel, Linalool, Geraniol, Coumarin, Limonene, Citral, Citronellol, Benzyl Alcohol, Benzyl Cinnamate, Benzyl Salicylate, Parfum / Fragrance (Fil C215665/1) Please be aware that ingredient lists for the products of our brand are updated regularly. Please refer to the ingredient list on your product package for the most up to date list of ingredients to ensure it is suitable to your personal use.",
  "url": "https://www.coles.com.au//product/garnier-fructis-macadamia-hair-food-390ml-3164015",
  "unit_size": "$2.51 per 100mL | Was $14.00",
  "Allergen": "",
  "upc": "Code: 3164015",
  "Retail_limit": "Retail limit: 20"
}{
  "Product_name": "Baby Bellies Organic Pear & Vanilla Paws | 12g",
  "Product_details": "Baby Bellies Organic Pear & Vanilla Paws are multigrain snacks for curious cubs!",
  "price": "$2.00",
  "Ingredients": "Organic Maize Flour (52%), Organic Pear Powder (17%), Organic Sorghum Flour (16%), Organic Sunflower Oil, Organic Quinoa Flour (3%), Vegetable Gum (Acacia), Organic Rice Flour (0.1%), Organic Vanilla Extract, Mineral (Iron), Vitamin (Vitamin B1), Organic Antioxidant (Organic Rosemary Extract).",
  "url": "https://www.coles.com.au//product/baby-bellies-organic-pear-and-vanilla-paws-12g-5025552",
  "unit_size": "$16.67 per 100g",
  "Allergen": "",
  "upc": "Code: 5025552",
  "Retail_limit": "Retail limit: 40"
}{
  "Product_name": "Rafferty's Garden Strawberry Yoghurt Buttons 12+ Months | 28g",
  "Product_details": "Our tasty Strawberry Yoghurt Buttons are a favourite with little ones and parents alike. Made from freeze-dried real yoghurt and berry puree, these buttons are soft and dissolve easily to make a delicious snack.",
  "price": "$4.00",
  "Ingredients": "Yoghurt (97%) (Milk, Sugar, Skim Milk Powder, Tapioca Starch, Gelatine, Ascorbic Acid (Vitamin C), Mixed Tocopherols, Vitamin E Acetate, Vitamin A Acetate, Maltodextrin (from Corn), Cultures), Strawberry Puree (2%), Natural Flavour, Beet Juice.",
  "url": "https://www.coles.com.au//product/rafferty's-garden-strawberry-yoghurt-buttons-12+-months-28g-9009810",
  "unit_size": "$14.29 per 100g | Was $5.00",
  "Allergen": "",
  "upc": "Code: 9009810",
  "Retail_limit": "Retail limit: 40"
}{
  "Product_name": "Bellamy's Organic Milk & Vanilla Baby Rice | 125g",
  "Product_details": "",
  "price": "$4.00",
  "Ingredients": "",
  "url": "https://www.coles.com.au//product/bellamy's-organic-milk-and-vanilla-baby-rice-125g-2131553",
  "unit_size": "$3.20 per 100g",
  "Allergen": "",
  "upc": "Code: 2131553",
  "Retail_limit": "Retail limit: 40"
}{
  "Product_name": "Rafferty's Garden Banana Milk Teething Rusks | 100g",
  "Product_details": "Teething is an exciting milestone for you and for your baby. Our Banana Milk Teething Rusks are hard baked to help relieve teething symptoms for your baby as their little teeth start to emerge. They have no added sugar, and a tasty banana flavour.",
  "price": "$4.00",
  "Ingredients": "Wheat Flour, Banana (5%), Skim Milk Powder (1.5%), Wheat Germ, Yeast, Natural Flavour, Salt, Mineral (Iron).",
  "url": "https://www.coles.com.au//product/rafferty's-garden-banana-milk-teething-rusks-100g-7572080",
  "unit_size": "$4.00 per 100g",
  "Allergen": "",
  "upc": "Code: 7572080",
  "Retail_limit": "Retail limit: 40"
}{
  "Product_name": "Rafferty's Garden Salmon & Pumpkin Risotto 6+ Months | 120g",
  "Product_details": "Our Salmon & Pumpkin Risotto pouch is a tasty meal option when you're ready to introduce your little one to protein. With nutritious salmon, pumpkin & rice, this puree is a source of protein and has no artificial colours or flavours, and no added salt or sugar. Perfect when trying to introduce fish to your babies diet.",
  "price": "$2.15",
  "Ingredients": "Water, Vegetables (Carrot, Pumpkin (10%), Potato, Onion), Rice (7%), Reconstituted Tomato Puree, Salmon (4.5%), Apple, Olive Oil, Canola Oil, Lemon Juice, Oregano, Parsley (0.04%), Basil.",
  "url": "https://www.coles.com.au//product/rafferty's-garden-salmon-and-pumpkin-risotto-6+-months-120g-4158936",
  "unit_size": "$1.79 per 100g",
  "Allergen": "",
  "upc": "Code: 4158936",
  "Retail_limit": "Retail limit: 40"
}{
  "Product_name": "Garnier Fructis Hydrating Aloevera Hair Food | 390mL",
  "Product_details": "",
  "price": "$9.80",
  "Ingredients": "1199955 B - Ingredients: Aqua / Water, Cetearyl Alcohol, Glycerin, Isopropyl Myristate, Stearamidopropyl Dimethylamine, Glycine Soja Oil / Soybean Oil, Aloe Barbadensis Leaf Juice, Helianthus Annuus Seed Oil / Sunflower Seed Oil, Vitis Vinifera Fruit Extract / Grape Fruit Extract, Cocos Nucifera Oil / Coconut Oil, Sodium Hydroxide, Coco-Caprylate/Caprate, Hydroxypropyl Guar Hydroxypropyltrimonium Chloride, Caprylyl Glycol, Citric Acid, Tartaric Acid, Cetyl Esters, Potassium Sorbate, Sodium Benzoate, Salicylic Acid, Linalool, Geraniol, Citronellol, Benzyl Alcohol, Parfum / Fragrance, (F.I.L C229471/1) Please be aware that ingredient lists for the products of our brand are updated regularly. Please refer to the ingredient list on your product package for the most up to date list of ingredients to ensure it is suitable to your personal use.",
  "url": "https://www.coles.com.au//product/garnier-fructis-hydrating-aloevera-hair-food-390ml-3610449",
  "unit_size": "$2.51 per 100mL | Was $14.00",
  "Allergen": "",
  "upc": "Code: 3610449",
  "Retail_limit": "Retail limit: 20"
}{
  "Product_name": "Garnier Fructis Hair Food Papaya Shampoo | 350mL",
  "Product_details": "",
  "price": "$8.40",
  "Ingredients": "1199988 F - AQUA / WATER, SODIUM LAURYL SULFATE, COCO-GLUCOSIDE, COCO-BETAINE, CARICA PAPAYA FRUIT EXTRACT / PAPAYA FRUIT EXTRACT, COCOS NUCIFERA OIL / COCONUT OIL, CARBOMER, GLYCERIN, GLYCERYL OLEATE, GLYCOL DISTEARATE, TRIETHYL CITRATE, LECITHIN, SODIUM CHLORIDE , SODIUM HYDROXIDE , HYDROGENATED PALM GLYCERIDES CITRATE , HYDROXYPROPYL GUAR HYDROXYPROPYLTRIMONIUM CHLORIDE, CITRIC ACID, TOCOPHEROL, ASCORBYL PALMITATE, POTASSIUM SORBATE, SODIUM BENZOATE, SALICYLIC ACID, LINALOOL, PARFUM / FRAGRANCE (F.I.L. C245092/1) Please be aware that ingredient lists for the products of our brand are updated regularly. Please refer to the ingredient list on your product package for the most up to date list of ingredients to ensure it is suitable to your personal use.",
  "url": "https://www.coles.com.au//product/garnier-fructis-hair-food-papaya-shampoo-350ml-4453561",
  "unit_size": "$2.40 per 100mL | Was $12.00",
  "Allergen": "",
  "upc": "Code: 4453561",
  "Retail_limit": "Retail limit: 20"
}{
  "Product_name": "Garnier Fructis Hair Food Macadamia Shampoo | 350mL",
  "Product_details": "",
  "price": "$8.40",
  "Ingredients": "1247100 D - AQUA / WATER / EAU  SODIUM LAURYL SULFATE  COCO-GLUCOSIDE  COCO-BETAINE  MACADAMIA INTEGRIFOLIA SEED OIL  COCOS NUCIFERA OIL / COCONUT OIL  GLYCERYL OLEATE  TRIETHYL CITRATE  LECITHIN  SODIUM CHLORIDE  SODIUM HYDROXIDE  HYDROGENATED PALM GLYCERIDES CITRATE  HYDROXYPROPYL GUAR HYDROXYPROPYLTRIMONIUM CHLORIDE  CITRIC ACID  TOCOPHEROL  ASCORBYL PALMITATE  SODIUM BENZOATE  SALICYLIC ACID  LINALOOL  GERANIOL  COUMARIN  LIMONENE  CITRONELLOL  BENZYL ALCOHOL  BENZYL CINNAMATE  BENZYL SALICYLATE  PARFUM / FRAGRANCE (F.I.L. C277879/1) Please be aware that ingredient lists for the products of our brand are updated regularly. Please refer to the ingredient list on your product package for the most up to date list of ingredients to ensure it is suitable to your personal use.",
  "url": "https://www.coles.com.au//product/garnier-fructis-hair-food-macadamia-shampoo-350ml-4453696",
  "unit_size": "$2.40 per 100mL | Was $12.00",
  "Allergen": "",
  "upc": "Code: 4453696",
  "Retail_limit": "Retail limit: 20"
}{
  "Product_name": "Garnier Fructis Hair Food Macadamia Conditioner | 350mL",
  "Product_details": "",
  "price": "$8.40",
  "Ingredients": "1199993 B - AQUA / WATER  CETEARYL ALCOHOL  GLYCERIN  ISOPROPYL MYRISTATE  STEARAMIDOPROPYL DIMETHYLAMINE  MACADAMIA INTEGRIFOLIA SEED OIL  GLYCINE SOJA OIL / SOYBEAN OIL  HELIANTHUS ANNUUS SEED OIL / SUNFLOWER SEED OIL  COCOS NUCIFERA OIL / COCONUT OIL  SODIUM HYDROXIDE  COCO-CAPRYLATE/CAPRATE  HYDROXYPROPYL GUAR HYDROXYPROPYLTRIMONIUM CHLORIDE  CAPRYLYL GLYCOL  CITRIC ACID  TARTARIC ACID  CETYL ESTERS  SALICYLIC ACID  LINALOOL  GERANIOL  COUMARIN  LIMONENE  CITRONELLOL  BENZYL ALCOHOL  BENZYL CINNAMATE  BENZYL SALICYLATE  PARFUM / FRAGRANCE (F.I.L. C248960/1). Please be aware that ingredient lists for the products of our brand are updated regularly. Please refer to the ingredient list on your product package for the most up to date list of ingredients to ensure it is suitable to your personal use.",
  "url": "https://www.coles.com.au//product/garnier-fructis-hair-food-macadamia-conditioner-350ml-4453743",
  "unit_size": "$2.40 per 100mL | Was $12.00",
  "Allergen": "",
  "upc": "Code: 4453743",
  "Retail_limit": "Retail limit: 20"
}{
  "Product_name": "Garnier Fructis Hair Food Papaya Conditioner | 350mL",
  "Product_details": "",
  "price": "$8.40",
  "Ingredients": "1199671 - AQUA / WATER, GLYCERIN, CETEARYL ALCOHOL, HELIANTHUS ANNUUS SEED OIL / SUNFLOWER SEED OIL, CARICA PAPAYA FRUIT EXTRACT / PAPAYA FRUIT EXTRACT, COCOS NUCIFERA OIL / COCONUT OIL, STEARAMIDOPROPYL DIMETHYLAMINE, GLYCERYL STEARATE, HYDROXYPROPYL GUAR, CAPRYLYL GLYCOL, TARTARIC ACID, CETYL ESTERS, POTASSIUM SORBATE, SALICYLIC ACID, LINALOOL, PARFUM / FRAGRANCE (F.I.L. C244324/1) Please be aware that ingredient lists for the products of our brand are updated regularly. Please refer to the ingredient list on your product package for the most up to date list of ingredients to ensure it is suitable to your personal use.",
  "url": "https://www.coles.com.au//product/garnier-fructis-hair-food-papaya-conditioner-350ml-4453765",
  "unit_size": "$2.40 per 100mL | Was $12.00",
  "Allergen": "",
  "upc": "Code: 4453765",
  "Retail_limit": "Retail limit: 20"
}{
  "Product_name": "Garnier Fructis Repairing Papaya Hair Food | 390mL",
  "Product_details": "",
  "price": "$9.80",
  "Ingredients": "1199806 D2 - Aqua / Water, Cetearyl Alcohol, Glycerin, Isopropyl Myristate, Stearamidopropyl Dimethylamine, Carica Papaya Fruit Extract / Papaya Fruit Extract, Phyllanthus Emblica Fruit Extract, Glycine Soja Oil / Soybean Oil, Sodium Hydroxide, Helianthus Annuus Seed Oil / Sunflower Seed Oil, Coco-Caprylate/Caprate, Cocos Nucifera Oil / Coconut Oil, Hydroxypropyl Guar Hydroxypropyltrimonium Chloride, Caprylic/Capric Triglyceride, Caprylyl Glycol, Citric Acid, Tartaric Acid, Cetyl Esters, Potassium Sorbate, Salicylic Acid, Caramel, Linalool, Geraniol, Limonene, Parfum / Fragrance (Fil C212870/1) Please be aware that ingredient lists for the products of our brand are updated regularly. Please refer to the ingredient list on your product package for the most up to date list of ingredients to ensure it is suitable to your personal use.",
  "url": "https://www.coles.com.au//product/garnier-fructis-repairing-papaya-hair-food-390ml-3164037",
  "unit_size": "$2.51 per 100mL | Was $14.00",
  "Allergen": "",
  "upc": "Code: 3164037",
  "Retail_limit": "Retail limit: 20"
}{
  "Product_name": "Garnier Fructis Nourishing Banana Hair Food | 390mL",
  "Product_details": "",
  "price": "$9.80",
  "Ingredients": "1202537 H3 - Aqua / Water, Cetearyl Alcohol, Glycerin, Isopropyl Myristate, Stearamidopropyl Dimethylamine, Butyrospermum Parkii Butter / Shea Butter, Olea Europaea Oil / Olive Fruit Oil, Musa Paradisiaca Fruit Juice / Banana Fruit Juice, Glycine Soja Oil / Soybean Oil, Sodium Hydroxide, Helianthus Annuus Seed Oil / Sunflower Seed Oil, Rosmarinus Officinalis Leaf Extract / Rosemary Leaf Extract, Coco-Caprylate/Caprate , Cocos Nucifera Oil / Coconut Oil, Hydroxypropyl Guar Hydroxypropyltrimonium Chloride, Caprylyl Glycol, Citric Acid, Persea Gratissima Oil / Avocado Oil, Lactic Acid, Tartaric Acid, Cetyl Esters, Tocopherol, Potassium Sorbate, Sodium Benzoate, Salicylic Acid, Caramel, Linalool, Eugenol, Coumarin, Benzyl Alcohol, Parfum / Fragrance (Fil C213449/1) Please be aware that ingredient lists for the products of our brand are updated regularly. Please refer to the ingredient list on your product package for the most up to date list of ingredients to ensure it is suitable to your personal use.",
  "url": "https://www.coles.com.au//product/garnier-fructis-nourishing-banana-hair-food-390ml-3164026",
  "unit_size": "$2.51 per 100mL | Was $14.00",
  "Allergen": "",
  "upc": "Code: 3164026",
  "Retail_limit": "Retail limit: 20"
}{
  "Product_name": "Rafferty's Garden Banana & Mango No Added Sugar Custard 6+ Months | 120g",
  "Product_details": "",
  "price": "$2.15",
  "Ingredients": "Fruit, (Banana (30%), Apple, Mango (10%)), Whole Milk(20%), Water, Corn Starch, Prebiotic Fibre (Inulin), Citric Acid, Natural Vanilla Flavour.",
  "url": "https://www.coles.com.au//product/rafferty's-garden-banana-and-mango-no-added-sugar-custard-6+-months-120g-4159145",
  "unit_size": "$1.79 per 100g",
  "Allergen": "",
  "upc": "Code: 4159145",
  "Retail_limit": "Retail limit: 40"
}{
  "Product_name": "Rafferty's Garden Mixed Berry Yoghurt Buttons 12+ Months | 28g",
  "Product_details": "",
  "price": "$4.00",
  "Ingredients": "Yoghurt (96%) (Milk, Sugar, Skim Milk Powder, Tapioca Starch, Gelatine, Ascorbic Acid (Vitamin C), Mixed Tocopherols, Vitamin E Acetate, Vitamin A Acetate, Maltodextrin (from Corn), Cultures), Blackberry Puree (2%), Raspberry Puree (1.5%), Beet Juice, Natural Flavour.",
  "url": "https://www.coles.com.au//product/rafferty's-garden-mixed-berry-yoghurt-buttons-12+-months-28g-9009795",
  "unit_size": "$14.29 per 100g | Was $5.00",
  "Allergen": "Contains Milk",
  "upc": "Code: 9009795",
  "Retail_limit": "Retail limit: 40"
}{
  "Product_name": "Baby Mum-mum Apple & Pumpkin Rice Rusks | 36g",
  "Product_details": "Baby Mum Mum Rice Rusks are full of wholesome ingredients, containing no artificial colours, flavours or preservatives.",
  "price": "$3.50",
  "Ingredients": "",
  "url": "https://www.coles.com.au//product/baby-mum-mum-apple-and-pumpkin-rice-rusks-36g-2123227",
  "unit_size": "$9.72 per 100g",
  "Allergen": "",
  "upc": "Code: 2123227",
  "Retail_limit": "Retail limit: 40"
}{
  "Product_name": "Palmolive Body Wash Skin Food Quandong Peach | 1L",
  "Product_details": "",
  "price": "$15.00",
  "Ingredients": "Water, Sodium Laureth Sulfate, Glycerin, Cocamidopropyl Betaine, Sodium, Chloride, Fragrance, Lactic Acid, Cocamide MEA, Santalum Acuminatum Fruit Extract (Quandong Peach), Castoryl Maleate, Sodium Salicylate, Sodium, Benzoate, PEG-150 Distearate, Tetrasodium EDTA, Sodium Hydroxide, Glycol Distearate",
  "url": "https://www.coles.com.au//product/palmolive-body-wash-skin-food-quandong-peach-1l-5257060",
  "unit_size": "$1.50 per 100mL",
  "Allergen": "",
  "upc": "Code: 5257060",
  "Retail_limit": "Retail limit: 20"
}{
  "Product_name": "Palmolive Body Wash Skin Food Desert Lime | 1L",
  "Product_details": "",
  "price": "$15.00",
  "Ingredients": "Water, Sodium Laureth Sulfate, Glycerin, Cocamidopropyl Betaine, Sodium Chloride, Fragrance, Lactic Acid, Cocamide MEA, Citrus Glauca Fruit Extract (Desert Lime), Castoryl Maleate, Sodium Salicylate, Sodium Benzoate PEG-150 Distearate, Tetrasodium EDTA, Sodium Hydroxide, Glycol Distearate",
  "url": "https://www.coles.com.au//product/palmolive-body-wash-skin-food-desert-lime-1l-5257070",
  "unit_size": "$1.50 per 100mL",
  "Allergen": "",
  "upc": "Code: 5257070",
  "Retail_limit": "Retail limit: 20"
}{
  "Product_name": "Palmolive Body Wash Skin Food Davidson Plum | 1L",
  "Product_details": "",
  "price": "$15.00",
  "Ingredients": "Water, Sodium Laureth Sulfate, Glycerin, Cocamidopropyl Betaine, Fragrance, Sodium Chloride, Lactic Acid, Cocamide MEA, Davidsonia Jerseyana Fruit Extract (Davidson Plum), Castoryl Maleate, Sodium Salicylate, Sodium Benzoate, PEG-150 Distearate, Tetrasodium EDTA, Sodium Hydroxide, Glycol Distearate",
  "url": "https://www.coles.com.au//product/palmolive-body-wash-skin-food-davidson-plum-1l-5257081",
  "unit_size": "$1.50 per 100mL",
  "Allergen": "",
  "upc": "Code: 5257081",
  "Retail_limit": "Retail limit: 20"
}{
  "Product_name": "Baby Bellies Organic Pumpkin And Carrot Soft Corn 10+ Months | 8g",
  "Product_details": "",
  "price": "$2.00",
  "Ingredients": "",
  "url": "https://www.coles.com.au//product/baby-bellies-organic-pumpkin-and-carrot-soft-corn-10+-months-8g-4163390",
  "unit_size": "$25.00 per 100g",
  "Allergen": "",
  "upc": "Code: 4163390",
  "Retail_limit": "Retail limit: 40"
}{
  "Product_name": "Baby Bellies Organic Pea Pasrnip Soft Corn 10+ Months | 8g",
  "Product_details": "",
  "price": "$2.00",
  "Ingredients": "",
  "url": "https://www.coles.com.au//product/baby-bellies-organic-pea-pasrnip-soft-corn-10+-months-8g-4163404",
  "unit_size": "$25.00 per 100g",
  "Allergen": "",
  "upc": "Code: 4163404",
  "Retail_limit": "Retail limit: 40"
}{
  "Product_name": "Bellamy's Organic Banana & Apple Porridge Puree 4+ Months | 120g",
  "Product_details": "",
  "price": "$2.00",
  "Ingredients": "",
  "url": "https://www.coles.com.au//product/bellamy's-organic-banana-and-apple-porridge-puree-4+-months-120g-2153352",
  "unit_size": "$1.67 per 100g",
  "Allergen": "",
  "upc": "Code: 2153352",
  "Retail_limit": "Retail limit: 40"
}{
  "Product_name": "Palmolive Liquid Hand Wash Skin Food Desert Lime | 500mL",
  "Product_details": "",
  "price": "$10.00",
  "Ingredients": "Water, Sodium Laureth Sulfate, Glycerin, Cocamidopropyl Betaine, Sodium Chloride, Lactic Acid, Cocamide MEA, Citrus Glauca Fruit Extract (Desert Lime), Castoryl Maleate, Sodium Salicylate, Sodium Benzoate, Fragrance, Glycol Distearate, Polyquaternium-7, Tetrasodium EDTA, Coco-Glucoside, Glyceryl Stearate, Glyceryl Oleate.",
  "url": "https://www.coles.com.au//product/palmolive-liquid-hand-wash-skin-food-desert-lime-500ml-5256668",
  "unit_size": "$2.00 per 100mL",
  "Allergen": "",
  "upc": "Code: 5256668",
  "Retail_limit": "Retail limit: 20"
}{
  "Product_name": "Palmolive Liquid Hand Wash Skin Food Quandong Peach | 500mL",
  "Product_details": "",
  "price": "$10.00",
  "Ingredients": "Water, Sodium Laureth Sulfate, Glycerin, Cocamidopropyl Betaine, Sodium Chloride, Lactic Acid, Cocamide MEA, Santalum Acuminatum Fruit Extract (Quandong Peach), Castoryl Maleate, Sodium Salicylate, Sodium Benzoate Fragrance, Glycol Distearate, Polyquaternium-7, Tetrasodium EDTA, Coco-Glucoside, Glyceryl Stearate, Glyceryl Oleate.",
  "url": "https://www.coles.com.au//product/palmolive-liquid-hand-wash-skin-food-quandong-peach-500ml-5256657",
  "unit_size": "$2.00 per 100mL",
  "Allergen": "",
  "upc": "Code: 5256657",
  "Retail_limit": "Retail limit: 20"
}{
  "Product_name": "Palmolive Liquid Hand Wash Skin Food Davidson Plum | 500mL",
  "Product_details": "",
  "price": "$10.00",
  "Ingredients": "Water, Sodium Laureth Sulfate, Glycerin, Cocamidopropyl Betaine, Sodium Chloride, Lactic Acid, Cocamide MEA, Davidsonia Jerseyana Fruit Extract (Davidson Plum), Fragrance, Castoryl Maleate, Sodium Salicylate, Sodium Benzoate, Glycol Distearate, Polyquaternium-7, Tetrasodium EDTA, Coco-Glucoside, Glyceryl Oleate, Glyceryl Stearate",
  "url": "https://www.coles.com.au//product/palmolive-liquid-hand-wash-skin-food-davidson-plum-500ml-5256737",
  "unit_size": "$2.00 per 100mL",
  "Allergen": "",
  "upc": "Code: 5256737",
  "Retail_limit": "Retail limit: 20"
}{
  "Product_name": "Baby Bellies Organic Apple & Cinnamon Puffs | 35g",
  "Product_details": "",
  "price": "$4.75",
  "Ingredients": "",
  "url": "https://www.coles.com.au//product/baby-bellies-organic-apple-and-cinnamon-puffs-35g-5020763",
  "unit_size": "$13.57 per 100g",
  "Allergen": "",
  "upc": "Code: 5020763",
  "Retail_limit": "Retail limit: 40"
}{
  "Product_name": "Rafferty's Garden Beef Quinoa Tomato & Corn 12+ Months | 200g",
  "Product_details": "",
  "price": "$3.00",
  "Ingredients": "",
  "url": "https://www.coles.com.au//product/rafferty's-garden-beef-quinoa-tomato-and-corn-12+-months-200g-5048569",
  "unit_size": "$1.50 per 100g",
  "Allergen": "",
  "upc": "Code: 5048569",
  "Retail_limit": "Retail limit: 40"
}{
  "Product_name": "Baby Bellies Organic Strawberry Pick-Up Sticks | 16g",
  "Product_details": "",
  "price": "$3.75",
  "Ingredients": "",
  "url": "https://www.coles.com.au//product/baby-bellies-organic-strawberry-pick-up-sticks-16g-3767451",
  "unit_size": "$23.44 per 100g",
  "Allergen": "",
  "upc": "Code: 3767451",
  "Retail_limit": "Retail limit: 40"
}{
  "Product_name": "Rafferty's Garden Banana Pear & Mango Porridge 6+ Months | 120g",
  "Product_details": "Our Banana, Pear & Mango Porridge is made with fresh milk, oats and fruit. This tasty pouch is a nutritious and convenient breakfast option for your baby.",
  "price": "$2.15",
  "Ingredients": "Water, Whole Milk (20%), Banana (20%), Pear (13%), Mango (13%), Oats (7%), Pectin, Citric Acid.",
  "url": "https://www.coles.com.au//product/rafferty's-garden-banana-pear-and-mango-porridge-6+-months-120g-3609789",
  "unit_size": "$1.79 per 100g",
  "Allergen": "",
  "upc": "Code: 3609789",
  "Retail_limit": "Retail limit: 40"
}{
  "Product_name": "Rafferty's Garden Apple Pear & Cinnamon Porridge 6+ Months | 120g",
  "Product_details": "Our Apple, Pear & Cinnamon Porridge is made with fresh milk, oats and fruit. This tasty pouch is a nutritious and convenient breakfast option for your baby.",
  "price": "$2.15",
  "Ingredients": "Apple (25%), Pear (25%), Water, Whole Milk (18%), Oats (7%), Pectin, Citric Acid, Cinnamon.",
  "url": "https://www.coles.com.au//product/rafferty's-garden-apple-pear-and-cinnamon-porridge-6+-months-120g-3609803",
  "unit_size": "$1.79 per 100g",
  "Allergen": "",
  "upc": "Code: 3609803",
  "Retail_limit": "Retail limit: 40"
}{
  "Product_name": "Heinz Chicken & Vegetable with Quinoa 8+ Months | 170g",
  "Product_details": "",
  "price": "$1.50",
  "Ingredients": "Vegetables (62%) (Sweetcorn, Pumpkin, Potatoes, Carrots, Spinach), Water, Chicken (10%), Quinoa (1.7%).",
  "url": "https://www.coles.com.au//product/heinz-chicken-and-vegetable-with-quinoa-8+-months-170g-2366761",
  "unit_size": "$0.88 per 100g",
  "Allergen": "",
  "upc": "Code: 2366761",
  "Retail_limit": "Retail limit: 40"
}{
  "Product_name": "Rafferty's Garden Chicken Peas & Wholemeal Pasta 6+ Months  | 120g",
  "Product_details": "Our Chicken, Peas & Wholemeal Pasta is a tasty meal option for when you're ready to introduce your baby to protein. With tasty vegetables and pasta, this puree provides a source of protein for their growth and development.",
  "price": "$2.15",
  "Ingredients": "Vegetables (Potato, Pea (14%), Spinach), Water, Chicken (5%), Whole Milk (4.5%), Wholemeal Macaroni (Wheat) (3.5%), Olive Oil, Canola Oil.",
  "url": "https://www.coles.com.au//product/rafferty's-garden-chicken-peas-and-wholemeal-pasta-6+-months-120g-3620238",
  "unit_size": "$1.79 per 100g",
  "Allergen": "",
  "upc": "Code: 3620238",
  "Retail_limit": "Retail limit: 40"
}{
  "Product_name": "Baby Bellies Organic Sweet Potato Pick-Up Sticks | 16g",
  "Product_details": "",
  "price": "$3.75",
  "Ingredients": "",
  "url": "https://www.coles.com.au//product/baby-bellies-organic-sweet-potato-pick-up-sticks-16g-3767473",
  "unit_size": "$23.44 per 100g",
  "Allergen": "",
  "upc": "Code: 3767473",
  "Retail_limit": "Retail limit: 40"
}{
  "Product_name": "Bellamy's Organic Apple & Fig Oatmeal Puree 4+ Months | 120g",
  "Product_details": "",
  "price": "$2.00",
  "Ingredients": "",
  "url": "https://www.coles.com.au//product/bellamy's-organic-apple-and-fig-oatmeal-puree-4+-months-120g-2153308",
  "unit_size": "$1.67 per 100g",
  "Allergen": "",
  "upc": "Code: 2153308",
  "Retail_limit": "Retail limit: 40"
}{
  "Product_name": "Rafferty's Garden Blueberry & Banana No Added Sugar Custard 6+ Months | 120g",
  "Product_details": "",
  "price": "$2.15",
  "Ingredients": "",
  "url": "https://www.coles.com.au//product/rafferty's-garden-blueberry-and-banana-no-added-sugar-custard-6+-months-120g-5046632",
  "unit_size": "$1.79 per 100g",
  "Allergen": "",
  "upc": "Code: 5046632",
  "Retail_limit": "Retail limit: 40"
}{
  "Product_name": "Rafferty's Garden Strawberry & Chia Yoghurt Brekkie 8+ Months | 120g",
  "Product_details": "Our Strawberry & Chia Yoghurt Brekkie pouch is made with the goodness of strawberries and yoghurt, plus the added benefit of prebiotics. A deliciously sweet option for baby that's great as a breakfast substitute, or a delicious snack.",
  "price": "$2.15",
  "Ingredients": "Fruit (Pear, Banana, Strawberry (7%)), Water, Whole Milk (10%), Oats (4%), Yoghurt Powder (3%), Corn Starch, Chia (0.7%), Prebiotic Fibre (Inulin), Citric Acid.",
  "url": "https://www.coles.com.au//product/rafferty's-garden-strawberry-and-chia-yoghurt-brekkie-8+-months-120g-4159611",
  "unit_size": "$1.79 per 100g",
  "Allergen": "",
  "upc": "Code: 4159611",
  "Retail_limit": "Retail limit: 40"
}{
  "Product_name": "Baby Bellies Organic Blueberry Puffs 7+ Months | 12g",
  "Product_details": "",
  "price": "$2.00",
  "Ingredients": "Organic Corn Flour (74%), Organic Blueberry Powder (Organic Dried Blueberry (8%),Organic Corn Starch),  Organic High Oleic Sunflower Oil, Mineral (Iron), Vitamin (Vitamin B1), Organic Antioxidant (Organic Rosemary Extract).",
  "url": "https://www.coles.com.au//product/baby-bellies-organic-blueberry-puffs-7+-months-12g-3501691",
  "unit_size": "$16.67 per 100g",
  "Allergen": "",
  "upc": "Code: 3501691",
  "Retail_limit": "Retail limit: 40"
}{
  "Product_name": "Bellamy's Organic Banana Custard With Flaxseed  6 + Months | 120g",
  "Product_details": "",
  "price": "$2.30",
  "Ingredients": "",
  "url": "https://www.coles.com.au//product/bellamy's-organic-banana-custard-with-flaxseed-6-+-months-120g-3292795",
  "unit_size": "$1.92 per 100g",
  "Allergen": "",
  "upc": "Code: 3292795",
  "Retail_limit": "Retail limit: 40"
}{
  "Product_name": "Baby Bellies Organic Smoothie Bowl Apple-Strawberry And Oats | 110g",
  "Product_details": "",
  "price": "$2.25",
  "Ingredients": "",
  "url": "https://www.coles.com.au//product/baby-bellies-organic-smoothie-bowl-apple-strawberry-and-oats-110g-4197938",
  "unit_size": "$2.05 per 100g",
  "Allergen": "",
  "upc": "Code: 4197938",
  "Retail_limit": "Retail limit: 40"
}{
  "Product_name": "Baby Bellies Organic Smoothie Bowl Banana Apple And Oats | 110g",
  "Product_details": "",
  "price": "$2.25",
  "Ingredients": "",
  "url": "https://www.coles.com.au//product/baby-bellies-organic-smoothie-bowl-banana-apple-and-oats-110g-4197971",
  "unit_size": "$2.05 per 100g",
  "Allergen": "",
  "upc": "Code: 4197971",
  "Retail_limit": "Retail limit: 40"
}{
  "Product_name": "Rafferty's Garden Blueberry- Banana & Pear Yoghurt Brekkie 6+ Months | 120g",
  "Product_details": "",
  "price": "$2.15",
  "Ingredients": "",
  "url": "https://www.coles.com.au//product/rafferty's-garden-blueberry-banana-and-pear-yoghurt-brekkie-6+-months-120g-5046600",
  "unit_size": "$1.79 per 100g",
  "Allergen": "",
  "upc": "Code: 5046600",
  "Retail_limit": "Retail limit: 40"
}{
  "Product_name": "Rafferty's Garden Banana Snack Bars 12+ Months | 128g",
  "Product_details": "Our Banana Snack Bars are the delicious cereal based bar with tasty banana puree filling. These soft, easy to eat texture bars are perfect for little hands to hold and eat themselves. Individually wrapped for freshness, they're great whether you're out on the go or at home.",
  "price": "$4.50",
  "Ingredients": "Wheat Flour, Fruit Paste (30%) (Fruit Puree Concentrate (46%) (Pear (89%), Banana (11%)), Sugar, Glucose, Humectant (Glycerol), Wheat Fibre, Natural Flavour, Natural Colour (160a)), Dextrose, Water, Wholegrain Oat Flour (5%), Butter (Contains Milk), Sugar, Whey Powder (From Milk), Humectant (Glycerol), Canola Oil, Raising Agent (500, 450, 341, 541), Whey Protein Concentrate (From Milk), Natural Flavour, Emulsifier (Soy Lecithin), Caramelised Sugar.",
  "url": "https://www.coles.com.au//product/rafferty's-garden-banana-snack-bars-12+-months-128g-7572239",
  "unit_size": "$3.52 per 100g",
  "Allergen": "",
  "upc": "Code: 7572239",
  "Retail_limit": "Retail limit: 40"
}{
  "Product_name": "Heinz Just Peachy With Banana & Apricot Smoothie | 120g",
  "Product_details": "",
  "price": "$1.50",
  "Ingredients": "Fruit (57%) [Banana Puree (30%), Peach Puree (19%), Apricot Puree (8%)], Water, Greek Style Yoghurt (8%) (Cultured Milk), Cooked Oats (8%), Quinoa (5%), Oat Bran, Cream (Milk), Natural Vanilla Flavour.   Contains: Gluten, Milk.  May Contain: Wheat.",
  "url": "https://www.coles.com.au//product/heinz-just-peachy-with-banana-and-apricot-smoothie-120g-4144727",
  "unit_size": "$1.25 per 100g",
  "Allergen": "Contains Wheat, Milk, Gluten, Oats",
  "upc": "Code: 4144727",
  "Retail_limit": "Retail limit: 40"
}{
  "Product_name": "Baby Bellies Organic Jumble Bowl Sweet Potato Carrot And Brown Rice | 110g",
  "Product_details": "",
  "price": "$2.25",
  "Ingredients": "",
  "url": "https://www.coles.com.au//product/baby-bellies-organic-jumble-bowl-sweet-potato-carrot-and-brown-rice-110g-4197982",
  "unit_size": "$2.05 per 100g",
  "Allergen": "",
  "upc": "Code: 4197982",
  "Retail_limit": "Retail limit: 40"
}{
  "Product_name": "Only Organic Teething Rusks 6+ Months | 100g",
  "Product_details": "",
  "price": "$3.10",
  "Ingredients": "",
  "url": "https://www.coles.com.au//product/only-organic-teething-rusks-6+-months-100g-8987772",
  "unit_size": "$3.10 per 100g",
  "Allergen": "",
  "upc": "Code: 8987772",
  "Retail_limit": "Retail limit: 40"
}{
  "Product_name": "CUB Organic Garden Vegetable Risotto 10M+ | 170g",
  "Product_details": "",
  "price": "$2.50",
  "Ingredients": "INGREDIENTS: Vegetables (33%) (Organic Carrot, Organic Pumpkin, Organic Sweet Potato, Organic Green Peas, Organic Red Capsicum, Organic Onion), Organic Brown Rice (5%), Organic Tomato Paste, Organic Brown Rice Flour, Organic Corn Starch, Organic Spinach, Garlic Puree, Parsley.",
  "url": "https://www.coles.com.au//product/cub-organic-garden-vegetable-risotto-10m+-170g-3973464",
  "unit_size": "$1.47 per 100g",
  "Allergen": "May Contain MILK, SESAME, SOY, CEREALS CONTAINING G, FISH",
  "upc": "Code: 3973464",
  "Retail_limit": "Retail limit: 40"
}{
  "Product_name": "CUB Organic Apple Apricot And Strawberry 4M+ | 120g",
  "Product_details": "",
  "price": "$1.60",
  "Ingredients": "INGREDIENTS: Organic Apple Puree (68%), Organic Apricot Puree (20%), Organic Strawberry Puree (12%), Natural Flavouring.",
  "url": "https://www.coles.com.au//product/cub-organic-apple-apricot-and-strawberry-4m+-120g-3973282",
  "unit_size": "$1.33 per 100g",
  "Allergen": "May Contain MILK, SESAME, SOY, CEREALS CONTAINING G, FISH",
  "upc": "Code: 3973282",
  "Retail_limit": "Retail limit: 40"
}{
  "Product_name": "CUB Organic Apple Banana And Blueberry 4M+ | 120g",
  "Product_details": "",
  "price": "$1.60",
  "Ingredients": "INGREDIENTS: Organic Apple Puree (65%), Organic Banana Puree (25%), Organic Blueberry Puree (10%).",
  "url": "https://www.coles.com.au//product/cub-organic-apple-banana-and-blueberry-4m+-120g-3973293",
  "unit_size": "$1.33 per 100g",
  "Allergen": "May Contain MILK, SESAME, SOY, CEREALS CONTAINING G, FISH",
  "upc": "Code: 3973293",
  "Retail_limit": "Retail limit: 40"
}{
  "Product_name": "CUB Organic Apple And Pear Porridge 4M+ | 120g",
  "Product_details": "",
  "price": "$1.60",
  "Ingredients": "INGREDIENTS: Organic Apple Puree (39%), Organic Pear Puree (29%), Water, Organic Oat Flour (6%), Organic Greek Style Yoghurt [Milk, Milk Solids, Cream, Cultures].",
  "url": "https://www.coles.com.au//product/cub-organic-apple-and-pear-porridge-4m+-120g-3973318",
  "unit_size": "$1.33 per 100g",
  "Allergen": "Contains MILK, CEREALS CONTAINING G, Oats",
  "upc": "Code: 3973318",
  "Retail_limit": "Retail limit: 40"
}{
  "Product_name": "CUB Organic Chicken With Sweetcorn And Brown Rice 6M+ | 120g",
  "Product_details": "",
  "price": "$1.60",
  "Ingredients": "INGREDIENTS: Water, Organic Chicken Breast Mince (15%), Organic Sweet Corn (12%), Organic Carrot, Organic Butternut Pumpkin, Organic Brown Rice Flour (4.0%), Organic Leek, Organic Extra Virgin Olive Oil.",
  "url": "https://www.coles.com.au//product/cub-organic-chicken-with-sweetcorn-and-brown-rice-6m+-120g-3973329",
  "unit_size": "$1.33 per 100g",
  "Allergen": "May Contain MILK, SESAME, SOY, CEREALS CONTAINING G, FISH",
  "upc": "Code: 3973329",
  "Retail_limit": "Retail limit: 40"
}{
  "Product_name": "CUB Organic Beef With Pumpkin Carrot And Parsnip 6M+ | 120g",
  "Product_details": "",
  "price": "$1.60",
  "Ingredients": "INGREDIENTS: Water, Butternut Pumpkin (14%), Beef Blade (13%), Carrot (8%), Tomato Paste [Tomato, Acidity Regulator (330)], Semolina (Wheat), Onion Puree, Parsnip (2.5%) [Parsnip, Lemon Juice], Concentrated Pear Juice, Extra Virgin Olive Oil, Dried Parsley, Dried Basil.",
  "url": "https://www.coles.com.au//product/cub-organic-beef-with-pumpkin-carrot-and-parsnip-6m+-120g-3973340",
  "unit_size": "$1.33 per 100g",
  "Allergen": "May Contain MILK, SESAME, SOY, FISH, Gluten. Contains Wheat",
  "upc": "Code: 3973340",
  "Retail_limit": "Retail limit: 40"
}{
  "Product_name": "CUB Organic Lamb With Peas Broccoli And A Hint Of Mint 6M+ | 120g",
  "Product_details": "",
  "price": "$1.60",
  "Ingredients": "INGREDIENTS: Water, Organic Sweet Potato, Organic Lamb(9%), Organic Peas (9%), Organic Green Beans, Organic Broccoli (8%), Organic Tomato Paste, Organic Brown Rice Flour, Organic Pear Juice, Mint (0.4%).",
  "url": "https://www.coles.com.au//product/cub-organic-lamb-with-peas-broccoli-and-a-hint-of-mint-6m+-120g-3973373",
  "unit_size": "$1.33 per 100g",
  "Allergen": "May Contain MILK, SESAME, SOY, CEREALS CONTAINING G, FISH",
  "upc": "Code: 3973373",
  "Retail_limit": "Retail limit: 40"
}{
  "Product_name": "CUB Organic Apple Mango And Coconut Yoghurt 6M+ | 120g",
  "Product_details": "",
  "price": "$2.05",
  "Ingredients": "",
  "url": "https://www.coles.com.au//product/cub-organic-apple-mango-and-coconut-yoghurt-6m+-120g-3973522",
  "unit_size": "$1.71 per 100g",
  "Allergen": "May Contain MILK, SESAME, SOY, CEREALS CONTAINING G, FISH, TREE NUTS",
  "upc": "Code: 3973522",
  "Retail_limit": "Retail limit: 40"
}{
  "Product_name": "CUB Organic Pear Banana And Greek Style Yoghurt  6M+ | 120g",
  "Product_details": "",
  "price": "$2.05",
  "Ingredients": "INGREDIENTS: Organic Greek Style Yoghurt (43%) [Milk, Milk Solids, Cream, Cultures], Organic Pear Juice (30%), Organic Banana Puree (26%), Modified Tapioca Starch, Natural Vanilla Flavouring.",
  "url": "https://www.coles.com.au//product/cub-organic-pear-banana-and-greek-style-yoghurt-6m+-120g-3973497",
  "unit_size": "$1.71 per 100g",
  "Allergen": "Contains MILK",
  "upc": "Code: 3973497",
  "Retail_limit": "Retail limit: 40"
}{
  "Product_name": "Bellamy's Organic  Vanilla & Pear Custard With Chia Seeds 8 + Months | 120g",
  "Product_details": "",
  "price": "$2.30",
  "Ingredients": "",
  "url": "https://www.coles.com.au//product/bellamy's-organic-vanilla-and-pear-custard-with-chia-seeds-8-+-months-120g-3292809",
  "unit_size": "$1.92 per 100g",
  "Allergen": "",
  "upc": "Code: 3292809",
  "Retail_limit": "Retail limit: 40"
}{
  "Product_name": "Rafferty's Garden Banana & Blueberry Squares 8+ Months | 16g",
  "Product_details": "Bite-sized crispy squares baked with a delicious blend of ancient grains. With the added benefit of Vitamin B1, you can feel good knowing your baby is enjoying a healthy snack.",
  "price": "$2.00",
  "Ingredients": "Rice Flour, Chickpea Flour, Milk Solids, Buckwheat Flour, Quinoa Flour, Blueberry Powder (3%), Banana Powder (3%), Natural Blueberry Flavour (2%), Natural Banana Flavour (1%), Vitamin B1 (Thiamin).",
  "url": "https://www.coles.com.au//product/rafferty's-garden-banana-and-blueberry-squares-8+-months-16g-4158903",
  "unit_size": "$12.50 per 100g",
  "Allergen": "",
  "upc": "Code: 4158903",
  "Retail_limit": "Retail limit: 40"
}{
  "Product_name": "CUB Organic Plant Based Potato Broccoli And Peas With A Squeeze Of Lemon 6M+ | 120g",
  "Product_details": "",
  "price": "$2.05",
  "Ingredients": "INGREDIENTS: Water, Organic Potato (20%), Organic Broccoli (10%), Organic Pea Protein, Organic Sweetcorn (6%), Organic Peas (4.5%), Organic White Beans (4.0%), Organic Lemon Juice (2.0%), Organic Pear Juice, Organic Corn Starch, Garlic Puree.",
  "url": "https://www.coles.com.au//product/cub-organic-plant-based-potato-broccoli-and-peas-with-a-squeeze-of-lemon-6m+-120g-3973635",
  "unit_size": "$1.71 per 100g",
  "Allergen": "May Contain MILK, SESAME, SOY, CEREALS CONTAINING G, FISH",
  "upc": "Code: 3973635",
  "Retail_limit": "Retail limit: 40"
}{
  "Product_name": "CUB Organic Plant Based Lentils With Spinach And Peas With A Hint Of Mint 6M+ | 120g",
  "Product_details": "",
  "price": "$2.05",
  "Ingredients": "INGREDIENTS: Water, Organic Lentils (16%), Organic Spinach (11%) [Organic Spinach, Organic Lemon Juice], Organic Peas (8%), Organic Pea Protein, Organic Corn Starch, Organic Pear Juice, Organic Lemon Juice, Mint (0.1%).",
  "url": "https://www.coles.com.au//product/cub-organic-plant-based-lentils-with-spinach-and-peas-with-a-hint-of-mint-6m+-120g-3973668",
  "unit_size": "$1.71 per 100g",
  "Allergen": "May Contain MILK, SESAME, SOY, CEREALS CONTAINING G, FISH",
  "upc": "Code: 3973668",
  "Retail_limit": "Retail limit: 40"
}{
  "Product_name": "CUB Organic Plant Based Sweet Potato Beetroot And Carrot With A Pinch Of Ginger 6M+ | 120g",
  "Product_details": "",
  "price": "$2.05",
  "Ingredients": "INGREDIENTS: Water, Organic Sweet Potato (20%), Organic Parsnip Puree [Organic Parsnip, Organic Lemon Juice], Organic Beetroot (8%), Organic Carrot (7%), Organic Pea Protein, Organic Brown Rice Flour, Organic Leek Puree [Organic Leek, Organic Lemon Juice], Organic Pear Juice, Organic Lemon Juice, Rosemary (<0.1%), Ginger Puree (<0.1%), Allspice.",
  "url": "https://www.coles.com.au//product/cub-organic-plant-based-sweet-potato-beetroot-and-carrot-with-a-pinch-of-ginger-6m+-120g-3973577",
  "unit_size": "$1.71 per 100g",
  "Allergen": "May Contain MILK, SESAME, SOY, CEREALS CONTAINING G, FISH",
  "upc": "Code: 3973577",
  "Retail_limit": "Retail limit: 40"
}{
  "Product_name": "Rafferty's Garden Spinach & Ricotta Cannelloni 12+ Months | 200g",
  "Product_details": "",
  "price": "$3.00",
  "Ingredients": "",
  "url": "https://www.coles.com.au//product/rafferty's-garden-spinach-and-ricotta-cannelloni-12+-months-200g-5046643",
  "unit_size": "$1.50 per 100g",
  "Allergen": "",
  "upc": "Code: 5046643",
  "Retail_limit": "Retail limit: 40"
}{
  "Product_name": "Rafferty's Garden Chicken & Vegetable Paella 12+ Months | 200g",
  "Product_details": "",
  "price": "$3.00",
  "Ingredients": "",
  "url": "https://www.coles.com.au//product/rafferty's-garden-chicken-and-vegetable-paella-12+-months-200g-5047103",
  "unit_size": "$1.50 per 100g",
  "Allergen": "",
  "upc": "Code: 5047103",
  "Retail_limit": "Retail limit: 40"
}{
  "Product_name": "CUB Organic Chicken Casserole With Vegetables And Pasta 10M+ | 170g",
  "Product_details": "",
  "price": "$2.50",
  "Ingredients": "INGREDIENTS: Water, Vegetables (26%) (Organic Potato, Organic Carrot, Organic Tomato, Organic Sweetcorn, Organic Onion), Organic Chicken Breast (6%), Organic Pasta (6%) [Organic Wheat Flour], Organic Canola Oil, Organic Corn Starch, Organic Yeast Extract, Paprika, Parsley, Basil.",
  "url": "https://www.coles.com.au//product/cub-organic-chicken-casserole-with-vegetables-and-pasta-10m+-170g-3973410",
  "unit_size": "$1.47 per 100g",
  "Allergen": "May Contain MILK, SESAME, SOY, FISH. Contains Wheat, CEREALS CONTAINING G",
  "upc": "Code: 3973410",
  "Retail_limit": "Retail limit: 40"
}{
  "Product_name": "CUB Organic Cottage Pie With Sweet Potato 10M+ | 170g",
  "Product_details": "",
  "price": "$2.50",
  "Ingredients": "INGREDIENTS: Water, Organic Carrot (12%), Organic Potato (11%), Organic Tomato Paste (9%) [Organic Tomato, Citric Acid], Organic Sweet Potato (8%), Organic Beef (6%), Organic Peas (5%), Organic Corn Starch, Organic Onion, Garlic Puree, Mixed Herbs.",
  "url": "https://www.coles.com.au//product/cub-organic-cottage-pie-with-sweet-potato-10m+-170g-3973420",
  "unit_size": "$1.47 per 100g",
  "Allergen": "May Contain Wheat, MILK, SESAME, SOY, FISH, Gluten",
  "upc": "Code: 3973420",
  "Retail_limit": "Retail limit: 40"
}{
  "Product_name": "CUB Organic Beef Bolognese With Vegetables 10M+ | 170g",
  "Product_details": "",
  "price": "$2.50",
  "Ingredients": "INGREDIENTS: Water, Vegetables (34%) (Organic Carrot, Organic Onion, Organic Celery), Organic Beef Mince (9%), Organic Tomato Paste (5%)[Organic Tomato, Citric Acid], Pasta (3%)[Organic Wheat Flour], Organic Wheat Flour, Organic Olive Oil, Parsley.",
  "url": "https://www.coles.com.au//product/cub-organic-beef-bolognese-with-vegetables-10m+-170g-3973431",
  "unit_size": "$1.47 per 100g",
  "Allergen": "May Contain MILK, SESAME, SOY, FISH, Gluten. Contains Wheat",
  "upc": "Code: 3973431",
  "Retail_limit": "Retail limit: 40"
}{
  "Product_name": "Rafferty's Garden Chickpea Corn & Carrot 8+ Months  | 120g",
  "Product_details": "Our Chickpea, Corn & Carrot pouch is made with the goodness of tasty legumes, and packed full of the goodness of veggies too. As a plant powered meal, it's a delicious vegetarian option that still provides a source of protein to help their growth and development.",
  "price": "$2.15",
  "Ingredients": "Water, Carrot (13%), Sweet Potato, Sweetcorn (8%), Ground Chickpeas (3%), Barley, Brown Rice, Yeast Extract.",
  "url": "https://www.coles.com.au//product/rafferty's-garden-chickpea-corn-and-carrot-8+-months-120g-3620191",
  "unit_size": "$1.79 per 100g",
  "Allergen": "",
  "upc": "Code: 3620191",
  "Retail_limit": "Retail limit: 40"
}{
  "Product_name": "Rafferty's Garden Lamb Couscous & Spring Vegetables 12+ Months | 200g",
  "Product_details": "",
  "price": "$3.00",
  "Ingredients": "",
  "url": "https://www.coles.com.au//product/rafferty's-garden-lamb-couscous-and-spring-vegetables-12+-months-200g-5047090",
  "unit_size": "$1.50 per 100g",
  "Allergen": "",
  "upc": "Code: 5047090",
  "Retail_limit": "Retail limit: 40"
}{
  "Product_name": "Bellamy's Organic Mixed Vegetable & Beef Bolognese 10+Month | 170g",
  "Product_details": "",
  "price": "$3.00",
  "Ingredients": "",
  "url": "https://www.coles.com.au//product/bellamy's-organic-mixed-vegetable-and-beef-bolognese-10+month-170g-5044546",
  "unit_size": "$1.76 per 100g",
  "Allergen": "",
  "upc": "Code: 5044546",
  "Retail_limit": "Retail limit: 40"
}{
  "Product_name": "Bellamy's Organic Creamy Vegetable Macaroni & Cheese 10+ Month | 170g",
  "Product_details": "",
  "price": "$3.00",
  "Ingredients": "",
  "url": "https://www.coles.com.au//product/bellamy's-organic-creamy-vegetable-macaroni-and-cheese-10+-month-170g-5044615",
  "unit_size": "$1.76 per 100g",
  "Allergen": "",
  "upc": "Code: 5044615",
  "Retail_limit": "Retail limit: 40"
}{
  "Product_name": "Rafferty's Garden Blueberry Mini Yoghurt Drops 8+ Months | 8g",
  "Product_details": "A tasty blend of real fruit & natural yoghurt, made into tiny droplets. With an easy to dissolve texture and no artificial colours or flavours, they're a great snack to introduce to babies who can self-feed.",
  "price": "$2.00",
  "Ingredients": "Natural Yoghurt (43%) (Skim Milk, Cream, Milk Solids, Cultures), Sugar, Milk Solids, Blueberry Puree (8%), Blackcurrant Puree, Gelatine, Tapioca Starch, Natural Blueberry Flavour, Ascorbic Acid, Citric Acid, Mixed Tocopherols (Soy).",
  "url": "https://www.coles.com.au//product/rafferty's-garden-blueberry-mini-yoghurt-drops-8+-months-8g-4158890",
  "unit_size": "$25.00 per 100g",
  "Allergen": "",
  "upc": "Code: 4158890",
  "Retail_limit": "Retail limit: 40"
}{
  "Product_name": "Only Organic Apple Blueberry Blackberry Oat Prebiotics 8+ Months | 120g",
  "Product_details": "",
  "price": "$2.15",
  "Ingredients": "Apple (80%), Water, Oats (3.5%), Blueberry (3%), Blackberry (3%), Fibre (Inulin) (0.5%), Vitamin C, Acidity Regulator (Citric Acid).",
  "url": "https://www.coles.com.au//product/only-organic-apple-blueberry-blackberry-oat-prebiotics-8+-months-120g-4163051",
  "unit_size": "$1.79 per 100g",
  "Allergen": "",
  "upc": "Code: 4163051",
  "Retail_limit": "Retail limit: 40"
}{
  "Product_name": "Only Organic Bolognese Pasta 8 + Months | 170g",
  "Product_details": "",
  "price": "$2.90",
  "Ingredients": "Water, Vegetables (Carrot*, Onion*, Celery*)(34%), Beef* (9%), Tomato Paste* *6%), Pasta* (Wheat)(4%), Wheat Flour*, Olive Oil*, Parsley*.*Certified Organic Ingredients",
  "url": "https://www.coles.com.au//product/only-organic-bolognese-pasta-8-+-months-170g-6438172",
  "unit_size": "$1.71 per 100g",
  "Allergen": "",
  "upc": "Code: 6438172",
  "Retail_limit": "Retail limit: 40"
}{
  "Product_name": "Only Organic  Chicken Cheese & Cauliflower Rice | 120g",
  "Product_details": "Introduce your baby to Only Organic's creamy combination of NZ organic free-range chicken, NZ cheddar cheese, and cauliflower rice, in a fork-mashed texture that is perfect for babies who are learning how to chew. Delicious straight from the pouch.",
  "price": "$2.15",
  "Ingredients": "Water, Vegetables (Cauliflower (22%), Carrot, Onion), Cheese (Milk)(5%), Chicken (3.5%), Ground rice, Brown rice (3%).",
  "url": "https://www.coles.com.au//product/only-organic-chicken-cheese-and-cauliflower-rice-120g-3772509",
  "unit_size": "$1.79 per 100g",
  "Allergen": "Contains Milk",
  "upc": "Code: 3772509",
  "Retail_limit": "Retail limit: 40"
}{
  "Product_name": "Little Bellies Organic Sweet Corn Round-A-Bouts | 12g",
  "Product_details": "",
  "price": "$2.00",
  "Ingredients": "",
  "url": "https://www.coles.com.au//product/little-bellies-organic-sweet-corn-round-a-bouts-12g-2367367",
  "unit_size": "$1.67 per 10g",
  "Allergen": "",
  "upc": "Code: 2367367",
  "Retail_limit": "Retail limit: 40"
}{
  "Product_name": "Only Organic Cheese Vegetable Lasagne 10+ Months | 170g",
  "Product_details": "",
  "price": "$2.90",
  "Ingredients": "Vegetables (Carrot*, Pumpkin*, Onion*, Celery*, Peas*) (45%), Water, Pasta* (Wheat) (4%), Cheese* (Milk) (3%), Tomato Paste*, Wheat Flour*, Parsley*.*Certified organic ingredients",
  "url": "https://www.coles.com.au//product/only-organic-cheese-vegetable-lasagne-10+-months-170g-3288801",
  "unit_size": "$1.71 per 100g",
  "Allergen": "",
  "upc": "Code: 3288801",
  "Retail_limit": "Retail limit: 40"
}{
  "Product_name": "Rafferty's Garden Apple Sticks 8+ Months | 15g",
  "Product_details": "No coating, no mess! Baked in flavour and made with quinoa, these sticks will help little ones practice their pincer grip and self feeding.",
  "price": "$2.00",
  "Ingredients": "Rice Flour, Quinoa Flour, Apple Powder (3%), Natural Apple Flavour (3%), Mineral (Iron).",
  "url": "https://www.coles.com.au//product/rafferty's-garden-apple-sticks-8+-months-15g-4158700",
  "unit_size": "$13.33 per 100g",
  "Allergen": "",
  "upc": "Code: 4158700",
  "Retail_limit": "Retail limit: 40"
}{
  "Product_name": "Only Organic Free Range Chicken Bolognese 10+ Months | 170g",
  "Product_details": "",
  "price": "$2.90",
  "Ingredients": "Water, Vegetables (Carrot*, Onion*, Celery*)(37%), Tomato Paste* (6%), Pasta* (Wheat)* (5%), Free Range Chicken* (5%), Wheat Flour*, Olive Oil*, Parsley**Certified Organic Ingredients",
  "url": "https://www.coles.com.au//product/only-organic-free-range-chicken-bolognese-10+-months-170g-3288812",
  "unit_size": "$1.71 per 100g",
  "Allergen": "",
  "upc": "Code: 3288812",
  "Retail_limit": "Retail limit: 40"
}{
  "Product_name": "Only Organic Chicken Vegetables And Star Pasta 8+ Months | 170g",
  "Product_details": "",
  "price": "$2.90",
  "Ingredients": "Water, Vegetables (Carrot*, Sweet Potato*, Onion*, Spinach*, Sweetcorn*, Broccoli*) (31%), Chicken* (4%), Pasta* (4%), Cheese* (Milk), Wheat Flour*, Milk Powder*.",
  "url": "https://www.coles.com.au//product/only-organic-chicken-vegetables-and-star-pasta-8+-months-170g-4162944",
  "unit_size": "$1.71 per 100g",
  "Allergen": "",
  "upc": "Code: 4162944",
  "Retail_limit": "Retail limit: 40"
}{
  "Product_name": "Only Organic Cheese & Quinoa Green Pea Sticks 10M+ | 12g",
  "Product_details": "Only Organic Cheese & Quinoa Green Pea Sticks are scrumptious finger foods that are just the right size and shape for little ones to practice hand to mouth coordination.",
  "price": "$1.90",
  "Ingredients": "green pea flour (45%), corn flour, sunflower oil, cheese powder (8%), quinoa flour (4%)",
  "url": "https://www.coles.com.au//product/only-organic-cheese-and-quinoa-green-pea-sticks-10m+-12g-4162955",
  "unit_size": "$15.83 per 100g",
  "Allergen": "",
  "upc": "Code: 4162955",
  "Retail_limit": "Retail limit: 40"
}{
  "Product_name": "Only Organic Free Range Chicken Mango & Coconut Rice 10+ Months | 170g",
  "Product_details": "",
  "price": "$2.90",
  "Ingredients": "Water, Vegetables (Sweet Potato*, Pumpkin*, Carrot*), Mango* (12%), Rice* (6%), Free Range Chicken* (5%), Coconut Milk* (3%), Vegetable Gum (Guar Gum*).*Certified Organic ingredients",
  "url": "https://www.coles.com.au//product/only-organic-free-range-chicken-mango-and-coconut-rice-10+-months-170g-3288834",
  "unit_size": "$1.71 per 100g",
  "Allergen": "",
  "upc": "Code: 3288834",
  "Retail_limit": "Retail limit: 40"
}{
  "Product_name": "Only Organic Apple Coconut And Flaxseed Biscuit With Prebiotics 10+ Months | 100g",
  "Product_details": "",
  "price": "$5.50",
  "Ingredients": "",
  "url": "https://www.coles.com.au//product/only-organic-apple-coconut-and-flaxseed-biscuit-with-prebiotics-10+-months-100g-4162999",
  "unit_size": "$5.50 per 100g",
  "Allergen": "",
  "upc": "Code: 4162999",
  "Retail_limit": "Retail limit: 20"
}{
  "Product_name": "Heinz Tropical Custard No Added Sugar | 120g",
  "Product_details": "",
  "price": "$1.50",
  "Ingredients": "Water, Full Cream Milk (30%), Fruit (22%) (Banana Puree, Mango Puree, Guava Puree), Cornflour, Coconut (2.0%), Natural Banana Flavour, Natural Mango Flavour.   Contains: Milk.",
  "url": "https://www.coles.com.au//product/heinz-tropical-custard-no-added-sugar-120g-4144749",
  "unit_size": "$1.25 per 100g",
  "Allergen": "Contains Milk",
  "upc": "Code: 4144749",
  "Retail_limit": "Retail limit: 40"
}{
  "Product_name": "Rafferty's Garden Vegemite Cheesy Bread Sticks 12+ Months | 30g",
  "Product_details": "Crispy and crunchy, these VEGEMITE Cheesy bread sticks are perfect for little hands and peckish tummies. Baked with real VEGEMITE plus the added goodness of prebiotics and a good source of B vitamins.",
  "price": "$3.00",
  "Ingredients": "Wheat Flour, Vegetable Oil, Cheddar Cheese (4.9%) (Milk), Vegemite (4.9%) ((Barley, Wheat), Colour(150c)), Barley Malt, Prebiotic Fibre (Inulin) (2%), Yeast, Vitamins (B1,B9).",
  "url": "https://www.coles.com.au//product/rafferty's-garden-vegemite-cheesy-bread-sticks-12+-months-30g-5046596",
  "unit_size": "$10.00 per 100g",
  "Allergen": "",
  "upc": "Code: 5046596",
  "Retail_limit": "Retail limit: 40"
}{
  "Product_name": "Heinz Pear & Blackberry Custard No Added Sugar | 120g",
  "Product_details": "",
  "price": "$1.50",
  "Ingredients": "Fruit [Pear Puree (67%) , Blackberry Puree (3.0%)], Full Cream Milk (16%), Water, Cornflour, Natural Vanilla Flavour.   Contains: Milk.",
  "url": "https://www.coles.com.au//product/heinz-pear-and-blackberry-custard-no-added-sugar-120g-4144691",
  "unit_size": "$1.25 per 100g",
  "Allergen": "Contains Milk",
  "upc": "Code: 4144691",
  "Retail_limit": "Retail limit: 40"
}{
  "Product_name": "Rafferty's Garden Sweet Potato & Carrot Bread Sticks 12+ Months | 30g",
  "Product_details": "Crispy and crunchy, these Sweet Potato & Carrot bread sticks are perfect for little hands and peckish tummies. Baked with real veggies plus the added goodness of prebiotics and a good source of B vitamins.",
  "price": "$3.00",
  "Ingredients": "Wheat Flour, Vegetable Oil, Carrot (5%), Sweet Potato (3%), Barley Malt, Prebiotic Fibre (Inulin) (2%), Rice Flour, Salt, Yeast, Vitamins (B1,B9).",
  "url": "https://www.coles.com.au//product/rafferty's-garden-sweet-potato-and-carrot-bread-sticks-12+-months-30g-5046610",
  "unit_size": "$10.00 per 100g",
  "Allergen": "Contains Wheat",
  "upc": "Code: 5046610",
  "Retail_limit": "Retail limit: 40"
}{
  "Product_name": "Only Organic Berry & Banana Quinoa Hearts With Prebiotics 10M+ | 12g",
  "Product_details": "Only Organic Berry & Banana Quinoa Hearts are delicious little snacks that have been gently oven baked and made with lightly puffed quinoa, corn and a dash of berry & banana powder.",
  "price": "$1.90",
  "Ingredients": "Corn Flour, Quinoa Flour (32%), Sunflower Oil, Berry Powder (Strawberry, Raspberry), (4.5%), Banana Powder (3.5%), Fibre (Inulin) (2%).",
  "url": "https://www.coles.com.au//product/only-organic-berry-and-banana-quinoa-hearts-with-prebiotics-10m+-12g-4162977",
  "unit_size": "$15.83 per 100g",
  "Allergen": "",
  "upc": "Code: 4162977",
  "Retail_limit": "Retail limit: 40"
}{
  "Product_name": "Only Organic Cauliflower Broccoli & Cheddar | 120g",
  "Product_details": "",
  "price": "$2.15",
  "Ingredients": "",
  "url": "https://www.coles.com.au//product/only-organic-cauliflower-broccoli-and-cheddar-120g-2134303",
  "unit_size": "$1.79 per 100g",
  "Allergen": "",
  "upc": "Code: 2134303",
  "Retail_limit": "Retail limit: 40"
}{
  "Product_name": "Bubs Organic Apple & Barley Toothy Rusks Lactose Free | 6 pack",
  "Product_details": "",
  "price": "$4.00",
  "Ingredients": "Organic Wheat Flour 94%, Organic Apple 2%, Organic Barley Malt 2%, Organic Rice Flour 1%, Salt, Mineral Iron <1%, Wheat Germ <1%, Baker's Yeast <1%.",
  "url": "https://www.coles.com.au//product/bubs-organic-apple-and-barley-toothy-rusks-lactose-free-6-pack-5052840",
  "unit_size": "$0.67 per 1ea",
  "Allergen": "Contains Wheat, Barley",
  "upc": "Code: 5052840",
  "Retail_limit": "Retail limit: 40"
}{
  "Product_name": "Mum-Mum Pea Snacks Apple & Cinnamon 12M+  | 12g",
  "Product_details": "",
  "price": "$1.50",
  "Ingredients": "",
  "url": "https://www.coles.com.au//product/mum-mum-pea-snacks-apple-and-cinnamon-12m+-12g-4156511",
  "unit_size": "$12.50 per 100g",
  "Allergen": "",
  "upc": "Code: 4156511",
  "Retail_limit": "Retail limit: 40"
}{
  "Product_name": "Mum-Mum Pea Snacks Cheese 12M+ | 12g",
  "Product_details": "",
  "price": "$1.50",
  "Ingredients": "",
  "url": "https://www.coles.com.au//product/mum-mum-pea-snacks-cheese-12m+-12g-4156500",
  "unit_size": "$12.50 per 100g",
  "Allergen": "",
  "upc": "Code: 4156500",
  "Retail_limit": "Retail limit: 40"
}{
  "Product_name": "Synergy Natural Super Greens | 200g",
  "Product_details": "",
  "price": "$20.00",
  "Ingredients": "Spirulina (33%), Barley Grass Leaf Powder (25), Wheat Grass Leaf Powder (25%), Chlorella (16%), Stevia Extract (<1%), A natural sweetener with zero Calories. Each ingredient is 100% pure, premium quality and grown without pesticides or herbicides. To preserve nutrient content, each bottle is nitrogen flushed to eliminate oxygen. The cell walls of the chlorella have been cracked for superior digestibility and absorption.",
  "url": "https://www.coles.com.au//product/synergy-natural-super-greens-200g-7110594",
  "unit_size": "$10.00 per 100g | Was $21.00 on Jul 2021 ",
  "Allergen": "Contains Wheat, Barley",
  "upc": "Code: 7110594",
  "Retail_limit": "Retail limit: 20"
}{
  "Product_name": "CUB Organic Plant Based White Beans With Corn Broccoli With A Pinch Of Garlic 6M+ | 120g",
  "Product_details": "",
  "price": "$2.05",
  "Ingredients": "INGREDIENTS: Water, Organic Sweetcorn (15%), Organic White Beans (7%), Organic Pea Protein, Organic Broccoli (4.0%), Organic\u00a0Pear Juice, Organic Brown Rice Flour, Organic Vinegar, Organic Yeast Extract, Garlic Puree, Herbs (0.1%)[Thyme, Chives, Parsley].",
  "url": "https://www.coles.com.au//product/cub-organic-plant-based-white-beans-with-corn-broccoli-with-a-pinch-of-garlic-6m+-120g-3973657",
  "unit_size": "$1.71 per 100g",
  "Allergen": "May Contain MILK, SESAME, SOY, CEREALS CONTAINING G, FISH",
  "upc": "Code: 3973657",
  "Retail_limit": "Retail limit: 40"
}{
  "Product_name": "Rafferty's Garden Fig & Apricot Baked Oat Bites 12M+ Months | 30g",
  "Product_details": "Bite-sized wholegrain baked oat bites, perfect for self-feeding. Baked with oats, and naturally flavoured with Apricot, Fig & Chia, it's a delicious on-the-go snack.",
  "price": "$3.00",
  "Ingredients": "Wheat Flour, Rolled Oats (14%), Humectant (Vegetable Glycerine), Vegetable Oil, Apricots (5%), Figs (5%), Rice Flour, Prebiotic Fibre (Inulin) (2%), Chia Seeds (1%), Natural Flavour, Sodium Bicarbonate, Yeast.",
  "url": "https://www.coles.com.au//product/rafferty's-garden-fig-and-apricot-baked-oat-bites-12m+-months-30g-5149205",
  "unit_size": "$10.00 per 100g",
  "Allergen": "Contains Wheat",
  "upc": "Code: 5149205",
  "Retail_limit": "Retail limit: 40"
}{
  "Product_name": "Nature's Way Organic Turmeric 1000mg 60 Tablets  | 60 pack",
  "Product_details": "",
  "price": "$8.00",
  "Ingredients": "Organic turmeric powder, povidone, microcrystalline, cellulose, calcium, hydrogen, phosphate dihydrate, silicon dioxide, magnesium stearate.",
  "url": "https://www.coles.com.au//product/nature's-way-organic-turmeric-1000mg-60-tablets-60-pack-1758904",
  "unit_size": "$0.13 per 1ea | Was $16.00",
  "Allergen": "",
  "upc": "Code: 1758904",
  "Retail_limit": "Retail limit: 20"
}{
  "Product_name": "Kiddylicious Raspberry Crispie Tiddlers 12+ Months | 12g",
  "Product_details": "",
  "price": "$2.00",
  "Ingredients": "Apple (juice & puree concentrate) 87%, Puffed rice (8%) (rice flour, wholemeal rice flour), Gelling agent (pectin), Citrus fibre, Raspberry juice concentrate (1%), Purple Carrot juice concentrate (for natural colour) Natural Flavouring",
  "url": "https://www.coles.com.au//product/kiddylicious-raspberry-crispie-tiddlers-12+-months-12g-2364948",
  "unit_size": "$16.67 per 100g",
  "Allergen": "Free From Cereals",
  "upc": "Code: 2364948",
  "Retail_limit": "Retail limit: 40"
}{
  "Product_name": "Kiddylicious Strawberry Fruit Wriggles 12+ Months | 12g",
  "Product_details": "",
  "price": "$2.00",
  "Ingredients": "Apple puree concentrate (41%), Apple juice concentrate (33%), Strawberry puree (24%), Elderberry juice concentrate (0.6%) Gelling agent (pectin) Citrus fibre",
  "url": "https://www.coles.com.au//product/kiddylicious-strawberry-fruit-wriggles-12+-months-12g-2365099",
  "unit_size": "$16.67 per 100g",
  "Allergen": "Free From Cereals",
  "upc": "Code: 2365099",
  "Retail_limit": "Retail limit: 40"
}{
  "Product_name": "Kiddylicious Banana Fruity Puffs 7+ Months | 10g",
  "Product_details": "",
  "price": "$2.00",
  "Ingredients": "corn flour (75%), Banana fruit powder (14%), sunflower oil, natural banana flavour (1%), mineral (iron), vitamin B1 (thiamin)",
  "url": "https://www.coles.com.au//product/kiddylicious-banana-fruity-puffs-7+-months-10g-2365146",
  "unit_size": "$20.00 per 100g",
  "Allergen": "",
  "upc": "Code: 2365146",
  "Retail_limit": "Retail limit: 40"
}{
  "Product_name": "Rafferty's Garden Apple Raisins & Chia Baked Oat Bites 12M+ Months | 30g",
  "Product_details": "",
  "price": "$3.00",
  "Ingredients": "",
  "url": "https://www.coles.com.au//product/rafferty's-garden-apple-raisins-and-chia-baked-oat-bites-12m+-months-30g-5149250",
  "unit_size": "$10.00 per 100g",
  "Allergen": "",
  "upc": "Code: 5149250",
  "Retail_limit": "Retail limit: 40"
}{
  "Product_name": "Kiddylicious Blueberry Fruity Puffs 7+ Months | 10g",
  "Product_details": "",
  "price": "$2.00",
  "Ingredients": "corn flour (75%), sunflower oil, Blueberry fruit powder (10%), Natural Blueberry flavouring (1.5%), Mineral (iron), Vitamin B1 (Thiamin)",
  "url": "https://www.coles.com.au//product/kiddylicious-blueberry-fruity-puffs-7+-months-10g-2365157",
  "unit_size": "$20.00 per 100g",
  "Allergen": "",
  "upc": "Code: 2365157",
  "Retail_limit": "Retail limit: 40"
}{
  "Product_name": "Garnier Fructis Aloe Shampoo | 350mL",
  "Product_details": "",
  "price": "$8.40",
  "Ingredients": "1202599 - AQUA / WATER  SODIUM LAURYL SULFATE  COCO-GLUCOSIDE  COCO-BETAINE  ALOE BARBADENSIS LEAF JUICE  COCOS NUCIFERA OIL / COCONUT OIL  GLYCERYL OLEATE  TRIETHYL CITRATE  LECITHIN  SODIUM CHLORIDE  SODIUM HYDROXIDE  HYDROGENATED PALM GLYCERIDES CITRATE  HYDROXYPROPYL GUAR HYDROXYPROPYLTRIMONIUM CHLORIDE  CITRIC ACID  TOCOPHEROL  ASCORBYL PALMITATE  POTASSIUM SORBATE  SODIUM BENZOATE  SALICYLIC ACID  LINALOOL  GERANIOL  CITRONELLOL  PARFUM / FRAGRANCE (F.I.L C243180/1). Please be aware that ingredient lists for the products of our brand are updated regularly. Please refer to the ingredient list on your product package for the most up to date list of ingredients to ensure it is suitable to your personal use.",
  "url": "https://www.coles.com.au//product/garnier-fructis-aloe-shampoo-350ml-4453572",
  "unit_size": "$2.40 per 100mL | Was $12.00",
  "Allergen": "",
  "upc": "Code: 4453572",
  "Retail_limit": "Retail limit: 20"
}{
  "Product_name": "Garnier Fructis Watermelon Shampoo | 350mL",
  "Product_details": "",
  "price": "$8.40",
  "Ingredients": "1239525 B - AQUA / WATER  SODIUM LAURYL SULFATE  COCO-GLUCOSIDE  COCO-BETAINE  PUNICA GRANATUM EXTRACT  COCOS NUCIFERA OIL / COCONUT OIL  CITRULLUS LANATUS FRUIT EXTRACT / WATERMELON FRUIT EXTRACT  GLYCERIN  GLYCERYL OLEATE  TRIETHYL CITRATE  LECITHIN  SODIUM CHLORIDE  SODIUM HYDROXIDE  HYDROGENATED PALM GLYCERIDES CITRATE  HYDROXYPROPYL GUAR HYDROXYPROPYLTRIMONIUM CHLORIDE  CITRIC ACID  TOCOPHEROL  ASCORBYL PALMITATE  SODIUM BENZOATE  SALICYLIC ACID  LINALOOL  GERANIOL  LIMONENE  CITRAL  BENZYL ALCOHOL  PARFUM / FRAGRANCE (F.I.L. C264959/1). Please be aware that ingredient lists for the products of our brand are updated regularly. Please refer to the ingredient list on your product package for the most up to date list of ingredients to ensure it is suitable to your personal use.",
  "url": "https://www.coles.com.au//product/garnier-fructis-watermelon-shampoo-350ml-4453721",
  "unit_size": "$2.40 per 100mL | Was $12.00",
  "Allergen": "",
  "upc": "Code: 4453721",
  "Retail_limit": "Retail limit: 20"
}{
  "Product_name": "Garnier Fructis Watermelon Conditioner | 350mL",
  "Product_details": "",
  "price": "$8.40",
  "Ingredients": "1239526 A - AQUA / WATER  CETEARYL ALCOHOL  GLYCERIN  ISOPROPYL MYRISTATE  STEARAMIDOPROPYL DIMETHYLAMINE  GLYCINE SOJA OIL / SOYBEAN OIL  HELIANTHUS ANNUUS SEED OIL / SUNFLOWER SEED OIL  PUNICA GRANATUM EXTRACT  COCOS NUCIFERA OIL / COCONUT OIL  CITRULLUS LANATUS FRUIT EXTRACT / WATERMELON FRUIT EXTRACT  COCO-CAPRYLATE/CAPRATE  HYDROXYPROPYL GUAR HYDROXYPROPYLTRIMONIUM CHLORIDE  CAPRYLYL GLYCOL  CITRIC ACID  TARTARIC ACID  CETYL ESTERS  SALICYLIC ACID  LINALOOL  GERANIOL  LIMONENE  CITRAL  BENZYL ALCOHOL  PARFUM / FRAGRANCE (F.I.L. C256495/1). Please be aware that ingredient lists for the products of our brand are updated regularly. Please refer to the ingredient list on your product package for the most up to date list of ingredients to ensure it is suitable to your personal use.",
  "url": "https://www.coles.com.au//product/garnier-fructis-watermelon-conditioner-350ml-4453754",
  "unit_size": "$2.40 per 100mL | Was $12.00",
  "Allergen": "",
  "upc": "Code: 4453754",
  "Retail_limit": "Retail limit: 20"
}{
  "Product_name": "Garnier Fructis Banana Conditioner | 350mL",
  "Product_details": "",
  "price": "$8.40",
  "Ingredients": "1199990 B - AQUA / WATER  CETEARYL ALCOHOL  GLYCERIN  ISOPROPYL MYRISTATE  STEARAMIDOPROPYL DIMETHYLAMINE  MUSA PARADISIACA FRUIT JUICE / BANANA FRUIT JUICE  GLYCINE SOJA OIL / SOYBEAN OIL  HELIANTHUS ANNUUS SEED OIL / SUNFLOWER SEED OIL  COCOS NUCIFERA OIL / COCONUT OIL  SODIUM HYDROXIDE  COCO-CAPRYLATE/CAPRATE  HYDROXYPROPYL GUAR HYDROXYPROPYLTRIMONIUM CHLORIDE  CAPRYLYL GLYCOL  CITRIC ACID  LACTIC ACID  TARTARIC ACID  CETYL ESTERS  POTASSIUM SORBATE  SODIUM BENZOATE  SALICYLIC ACID  LINALOOL  BENZYL ALCOHOL  PARFUM / FRAGRANCE (F.I.L. C239429/2). Please be aware that ingredient lists for the products of our brand are updated regularly. Please refer to the ingredient list on your product package for the most up to date list of ingredients to ensure it is suitable to your personal use.",
  "url": "https://www.coles.com.au//product/garnier-fructis-banana-conditioner-350ml-4453787",
  "unit_size": "$2.40 per 100mL | Was $12.00",
  "Allergen": "",
  "upc": "Code: 4453787",
  "Retail_limit": "Retail limit: 20"
}{
  "Product_name": "Garnier Fructis Banana Shampoo | 350mL",
  "Product_details": "",
  "price": "$8.40",
  "Ingredients": "1202596 A - INGREDIENTS: AQUA / WATER  SODIUM LAURYL SULFATE  COCO-GLUCOSIDE  COCO-BETAINE  MUSA PARADISIACA FRUIT JUICE / BANANA FRUIT JUICE  COCOS NUCIFERA OIL / COCONUT OIL  GLYCERIN  GLYCERYL OLEATE  TRIETHYL CITRATE  LECITHIN  SODIUM CHLORIDE  SODIUM HYDROXIDE  HYDROGENATED PALM GLYCERIDES CITRATE  HYDROXYPROPYL GUAR HYDROXYPROPYLTRIMONIUM CHLORIDE  CITRIC ACID  LACTIC ACID  TOCOPHEROL  ASCORBYL PALMITATE  POTASSIUM SORBATE  SODIUM BENZOATE  SALICYLIC ACID  LINALOOL  BENZYL ALCOHOL  PARFUM / FRAGRANCE (F.I.L. C240533/1). Please be aware that ingredient lists for the products of our brand are updated regularly. Please refer to the ingredient list on your product package for the most up to date list of ingredients to ensure it is suitable to your personal use.",
  "url": "https://www.coles.com.au//product/garnier-fructis-banana-shampoo-350ml-4453710",
  "unit_size": "$2.40 per 100mL | Was $12.00",
  "Allergen": "",
  "upc": "Code: 4453710",
  "Retail_limit": "Retail limit: 20"
}{
  "Product_name": "Garnier Fructis Aloe Conditioner | 350mL",
  "Product_details": "",
  "price": "$8.40",
  "Ingredients": "1199674 - AQUA / WATER  GLYCERIN  CETEARYL ALCOHOL  HELIANTHUS ANNUUS SEED OIL / SUNFLOWER SEED OIL  ALOE BARBADENSIS LEAF JUICE  COCOS NUCIFERA OIL / COCONUT OIL  STEARAMIDOPROPYL DIMETHYLAMINE  GLYCERYL STEARATE  HYDROXYPROPYL GUAR  CAPRYLYL GLYCOL  CITRIC ACID  TARTARIC ACID  CETYL ESTERS  POTASSIUM SORBATE  SODIUM BENZOATE  SALICYLIC ACID  LINALOOL  GERANIOL  CITRONELLOL  PARFUM / FRAGRANCE (F.I.L. C244336/1). Please be aware that ingredient lists for the products of our brand are updated regularly. Please refer to the ingredient list on your product package for the most up to date list of ingredients to ensure it is suitable to your personal use.",
  "url": "https://www.coles.com.au//product/garnier-fructis-aloe-conditioner-350ml-4453732",
  "unit_size": "$2.40 per 100mL | Was $12.00",
  "Allergen": "",
  "upc": "Code: 4453732",
  "Retail_limit": "Retail limit: 20"
}{
  "Product_name": "Heinz Little Kids Banana Mango Muesli With Greek Style Yoghurt | 150g",
  "Product_details": "",
  "price": "$1.50",
  "Ingredients": "Water, Mango Puree (18%), Banana Puree (17%), Cooked Oats (14%), Greek Style Yoghurt (6%) [Cultured Milk, Cream (Milk)], Oat Bran (1.3%).   Contains: Gluten, Milk.  May Contain: Wheat.",
  "url": "https://www.coles.com.au//product/heinz-little-kids-banana-mango-muesli-with-greek-style-yoghurt-150g-1848155",
  "unit_size": "$1.00 per 100g",
  "Allergen": "Contains Wheat, Milk, Gluten, Oats",
  "upc": "Code: 1848155",
  "Retail_limit": "Retail limit: 40"
}{
  "Product_name": "Only Organic Banana Vanilla & Greek Yoghurt Brekkie | 100g",
  "Product_details": "",
  "price": "$2.85",
  "Ingredients": "",
  "url": "https://www.coles.com.au//product/only-organic-banana-vanilla-and-greek-yoghurt-brekkie-100g-2134201",
  "unit_size": "$2.85 per 100g",
  "Allergen": "",
  "upc": "Code: 2134201",
  "Retail_limit": "Retail limit: 40"
}{
  "Product_name": "Only Organic Coconut Banana & Acai Smoothie | 100g",
  "Product_details": "Busy kids love this vegan combo of banana, raspberries and coconut milk with acai berries - perfect for a brekkie or dessert on the go. Our recipes are all made from organic ingredients, grown on certified organic farms. Our delicious brekkies & desserts are certified organic by AsureQuaity Ltd, New Zealand.",
  "price": "$2.85",
  "Ingredients": "fruits (banana (53%), raspberry), water, ground rice, coconut milk (5%), acai (0.5%), antioxidant (ascorbic acid), acidity regulator (citric acid).",
  "url": "https://www.coles.com.au//product/only-organic-coconut-banana-and-acai-smoothie-100g-2134256",
  "unit_size": "$2.85 per 100g",
  "Allergen": "",
  "upc": "Code: 2134256",
  "Retail_limit": "Retail limit: 40"
}{
  "Product_name": "Only Organic Kindy 1-5 Years Vegetable Macaroni & Cheese Pasta Express | 220g",
  "Product_details": "Only Organic Vegetable Macaroni Cheese is a delicious meal for growing kids on the go. It's made with care from New Zealand organic cheese, sweet potato, cauliflower, broccoli and organic pasta. Our recipes are all made from organic ingredients, grown on certified organic farms. Our delicious savoury meals are certified by AsureQuality Ltd, New Zealand.",
  "price": "$3.60",
  "Ingredients": "water, vegetables (sweet potato, broccoli, onion, cauliflower) (18%) pasta (wheat) (6%), cheese (milk) (3%), whole milk powder, ground rice, vegetable gums (guar gum, locust bean gum), garlic, emulsifier (soy lecithin).",
  "url": "https://www.coles.com.au//product/only-organic-kindy-1-5-years-vegetable-macaroni-and-cheese-pasta-express-220g-2134347",
  "unit_size": "$1.64 per 100g",
  "Allergen": "",
  "upc": "Code: 2134347",
  "Retail_limit": "Retail limit: 40"
}{
  "Product_name": "Only Organic Mango Banana Passion Coconut Flexseed With Prebiotics 1-5 Years | 100g",
  "Product_details": "",
  "price": "$2.85",
  "Ingredients": "",
  "url": "https://www.coles.com.au//product/only-organic-mango-banana-passion-coconut-flexseed-with-prebiotics-1-5-years-100g-4162922",
  "unit_size": "$2.85 per 100g",
  "Allergen": "",
  "upc": "Code: 4162922",
  "Retail_limit": "Retail limit: 40"
}{
  "Product_name": "Only Organic Beef Bolognese Pasta 1-5 Years | 220g",
  "Product_details": "",
  "price": "$3.60",
  "Ingredients": "vegetables (carrot, onion, celery) (37%), water, beef (9%), tomato past (8%), pasta (wheat) (7%), wheat flower, olive oil, parsley, garlic.",
  "url": "https://www.coles.com.au//product/only-organic-beef-bolognese-pasta-1-5-years-220g-2134325",
  "unit_size": "$1.64 per 100g",
  "Allergen": "",
  "upc": "Code: 2134325",
  "Retail_limit": "Retail limit: 40"
}{
  "Product_name": "Only Organic Vegetable & Chicken Risotto | 220g",
  "Product_details": "Only Organic Vegetable Chicken Risotto is a delicious meal for growing kids on the go. It's made with care from New Zealand organic free range chicken, with a nourishing mix of organic rice and six seasonal veges. Our recipes are all made from organic ingredients, grown on certified organic farms. Our delicious savoury meals are certified by AsureQuality Ltd, New Zealand.",
  "price": "$3.60",
  "Ingredients": "vegetables (carrot*, peas*, onion*, sweet potato*, pumpkin*, capsicum*) (44%), water, rice* (8%), free range chicken*(6%), tomato paste*, ground rice*, olive oil*, parsley*, garlic*.*certified organic ingredients",
  "url": "https://www.coles.com.au//product/only-organic-vegetable-and-chicken-risotto-220g-2134369",
  "unit_size": "$1.64 per 100g",
  "Allergen": "",
  "upc": "Code: 2134369",
  "Retail_limit": "Retail limit: 40"
}{
  "Product_name": "Only Organic Banana Mixed Berry Coconut Chia | 100g",
  "Product_details": "",
  "price": "$2.85",
  "Ingredients": "",
  "url": "https://www.coles.com.au//product/only-organic-banana-mixed-berry-coconut-chia-100g-3772473",
  "unit_size": "$2.85 per 100g",
  "Allergen": "",
  "upc": "Code: 3772473",
  "Retail_limit": "Retail limit: 40"
}{
  "Product_name": "Only Organic Coconut Strawberry & Goji | 100g",
  "Product_details": "",
  "price": "$2.85",
  "Ingredients": "fruits (banana, strawberry (16%), blackberry), water, ground rice, coconut milk (4%), goji (0.5%), antioxidant (ascorbic acid), acidity regulator (citric acid), vegetable gum (guar gum)",
  "url": "https://www.coles.com.au//product/only-organic-coconut-strawberry-and-goji-100g-3018556",
  "unit_size": "$2.85 per 100g",
  "Allergen": "",
  "upc": "Code: 3018556",
  "Retail_limit": "Retail limit: 40"
}{
  "Product_name": "Little Bellies Animal Biscuits | 130g",
  "Product_details": "",
  "price": "$5.50",
  "Ingredients": "Organic Wholegrain Wheat Flour (31%), Organic Wheat Flour, Organic Grape Juice Concentrate (27%), Organic Sustainable Palm Oil, Organic Sunflower Oil, Raising Agent (Sodium Bicarbonate).",
  "url": "https://www.coles.com.au//product/little-bellies-animal-biscuits-130g-3671895",
  "unit_size": "$4.23 per 100g",
  "Allergen": "",
  "upc": "Code: 3671895",
  "Retail_limit": "Retail limit: 40"
}{
  "Product_name": "Rafferty's Garden Natural Mini Yoghurt Drops 8M+ | 8g",
  "Product_details": "Natural yoghurt has been made into delicious tiny droplets. With an easy to dissolve texture and no artificial colours or flavours, they're a great snack to introduce to babies who can self-feed.",
  "price": "$2.00",
  "Ingredients": "Natural Yoghurt (75%) (Milk Solids, Cultures), Sugar, Milk Solids, Gelatine, Tapioca Starch, Citric Acid, Ascorbic Acid, Mixed Tocopherols (Soy).",
  "url": "https://www.coles.com.au//product/rafferty's-garden-natural-mini-yoghurt-drops-8m+-8g-3766335",
  "unit_size": "$25.00 per 100g",
  "Allergen": "",
  "upc": "Code: 3766335",
  "Retail_limit": "Retail limit: 40"
}{
  "Product_name": "Kiddylicious Veggie Straws Sour Cream & Chive Flavour | 15g",
  "Product_details": "",
  "price": "$2.00",
  "Ingredients": "Veggie straws (lentil flour (50%), potato starch (45%), salt), rapeseed oil, Sour cream and chive Seasoning (4%), (rice flour, onion powder, natural flavouring, chives, citric acid)",
  "url": "https://www.coles.com.au//product/kiddylicious-veggie-straws-sour-cream-and-chive-flavour-15g-3292707",
  "unit_size": "$13.33 per 100g",
  "Allergen": "Free From Cereals, Egg, Milk, Gluten",
  "upc": "Code: 3292707",
  "Retail_limit": "Retail limit: 40"
}{
  "Product_name": "Whole Kids Organic Cookies Apple 4 Pack | 80g",
  "Product_details": "Our delicious apple cookies are made with ingredients you would find in your pantry. No concentrates, nasty preservatives, colours, sulphites or flavours are added; it\u2019s all natural and organic. A great bite-size snack for babies and kids on the go.",
  "price": "$6.00",
  "Ingredients": "Organic Flour 28%, Organic Butter 24%, Organic Oats 12%, Organic Dried Apples 10%, Organic Apple Puree 10%, Organic Coconut Palm Sugar 9%, Organic Organic Corn Flour 5%, Organic Cinnamon 1%, Baking Soda 0.5%, Organic Vanilla Extract 0.5%",
  "url": "https://www.coles.com.au//product/whole-kids-organic-cookies-apple-4-pack-80g-2801667",
  "unit_size": "$7.50 per 100g",
  "Allergen": "Contains Wheat, Milk",
  "upc": "Code: 2801667",
  "Retail_limit": "Retail limit: 40"
}{
  "Product_name": "Rafferty's Garden Banana Mini Yoghurt Drops 8M+ | 8g",
  "Product_details": "A tasty blend of real fruit & natural yoghurt, made into tiny droplets. With an easy to dissolve texture and no artificial colours or flavours, they're a great snack to introduce to babies who can self-feed.",
  "price": "$2.00",
  "Ingredients": "Natural Yoghurt (42%) (Skim Milk, Cream, Milk Solids, Cultures), Sugar, Banana Puree (14%), Milk Solids, Gelatine, Tapioca Starch, Natural Banana Flavour, Ascorbic Acid, Citric Acid, Mixed Tocopherols (Soy).",
  "url": "https://www.coles.com.au//product/rafferty's-garden-banana-mini-yoghurt-drops-8m+-8g-3766357",
  "unit_size": "$25.00 per 100g",
  "Allergen": "",
  "upc": "Code: 3766357",
  "Retail_limit": "Retail limit: 40"
}{
  "Product_name": "Little Bellies Mini Gingerbread Men | 130g",
  "Product_details": "Charming little gingerbread men biscuits to keep tummy  rumbles in check.",
  "price": "$5.50",
  "Ingredients": "Organic Wholegrain Wheat Flour (31%), Organic Wheat Flour, Organic Grape Juice Concentrate (29%), Organic Sustainable Palm Oil, Organic Sunflower Oil, Organic Ginger (0.3%), Raising Agent (Sodium Bicarbonate).",
  "url": "https://www.coles.com.au//product/little-bellies-mini-gingerbread-men-130g-3671920",
  "unit_size": "$4.23 per 100g",
  "Allergen": "",
  "upc": "Code: 3671920",
  "Retail_limit": "Retail limit: 40"
}{
  "Product_name": "Kiddylicious Veggie Straws | 12g",
  "Product_details": "Perfect finger food for toddlers 12 months +, tasty hollow veggie straws made with vegetables",
  "price": "$2.00",
  "Ingredients": "Veggie straws (potato starch, dried potato (40%), tomato powder (0.5%), kale powder (0.5%), spinach powder (0.3%), beetroot powder (0.2%), salt, turmeric), rapeseed oil",
  "url": "https://www.coles.com.au//product/kiddylicious-veggie-straws-12g-2803200",
  "unit_size": "$16.67 per 100g",
  "Allergen": "Free From Cereals",
  "upc": "Code: 2803200",
  "Retail_limit": "Retail limit: 40"
}{
  "Product_name": "Kiddylicious Veggie Straws Cheesy Flavour | 12g",
  "Product_details": "Perfect finger food for toddlers 12 months +, tasty hollow veggie straws with a cheese flavouring",
  "price": "$2.00",
  "Ingredients": "Veggie straws (potato starch, dried potato (30%), salt, tomato powder, kale powder, spinach powder, red beet, firming agent calcium chloride, turmeric), Vegetable oil (rapeseed/canola)",
  "url": "https://www.coles.com.au//product/kiddylicious-veggie-straws-cheesy-flavour-12g-3018884",
  "unit_size": "$16.67 per 100g",
  "Allergen": "Free From Cereals",
  "upc": "Code: 3018884",
  "Retail_limit": "Retail limit: 40"
}{
  "Product_name": "Morlife Alkalising Greens Berry Burst 10g | 14 pack",
  "Product_details": "",
  "price": "$15.00",
  "Ingredients": "Greens, Fruits & Vegetables (48%*) (Apple, Pineapple, Pear, Raspberry, Organic Alfalfa, Broccoli Sprout, Buckwheat Lettuce, Lemon, Lime, Acai, Organic Chlorella, Organic Spirulina, Organic Nettle, Organic Peppermint, Organic Kale, Organic Matcha Green Tea, Celery, Organic Spinach, Parsley, Cucumber), Magnesium Citrate, Potassium Citrate, L-Glutamine, Calcium Citrate, Natural Fruit Flavours, Extracts (Dandelion Leaf, Eleuthero, Turmeric, Spirulina, Ashwagandha, Green Tea, Rosemary, Aloe Vera, Gardenia, Black Pepper), Magnesium Gluconate, Prebiotic Fibre (Apple, Acacia), L-Alanine, Stabiliser (Xanthan Gum), L-Histidine, Probiotics (L. acidophilus, B. lactis, B. bifidum, B. longum), Potassium Ascorbate, Acidity Regulator (Citric Acid), Zinc Gluconate, Ferrous Fumarate (Iron), Manganese Citrate, Seleno Methionine, Plant Vitamin D, Chromium Picolinate. *Average Quantity. Certified Organic by ACO Certification Ltd.",
  "url": "https://www.coles.com.au//product/morlife-alkalising-greens-berry-burst-10g-14-pack-5328215",
  "unit_size": "$1.07 per 1ea | Was $30.00",
  "Allergen": "",
  "upc": "Code: 5328215",
  "Retail_limit": "Retail limit: 20"
}{
  "Product_name": "Goli Nutrition Apple Cidar Vinegar Gummies | 60 pack",
  "Product_details": "",
  "price": "$25.00",
  "Ingredients": "",
  "url": "https://www.coles.com.au//product/goli-nutrition-apple-cidar-vinegar-gummies-60-pack-4230272",
  "unit_size": "$0.42 per 1ea | Was $30.00 on Nov 2022 ",
  "Allergen": "",
  "upc": "Code: 4230272",
  "Retail_limit": "Retail limit: 20"
}{
  "Product_name": "Swisse High Strength Australian Apple Cider Vinegar | 60 pack",
  "Product_details": "",
  "price": "$9.75",
  "Ingredients": "EACH TABLET CONTAINS: Apple cider vinegar powder (apple cider vinegar solids, maltodextrin) (87%); Bulking agent (calcium phosphate); Glazing agents (polyethylene glycol, carnauba wax); Anticaking agents (silicon dioxide, magnesium stearate)",
  "url": "https://www.coles.com.au//product/swisse-high-strength-australian-apple-cider-vinegar-60-pack-3758304",
  "unit_size": " | Was $19.50",
  "Allergen": "",
  "upc": "Code: 3758304",
  "Retail_limit": "Retail limit: 20"
}{
  "Product_name": "Haircarebear Apple Cider Vinegar Gummies | 60 pack",
  "Product_details": "",
  "price": "$15.00",
  "Ingredients": "Glucose Syrup, Sugar, Apple Cider Vinegar Powder, Glucose, Pectin, Sodium Citrate, Citric Acid, Natural Apple Flavour, Vegetable Oil (contains Carnauba Wax), Purple Carrot Juice, Beta-carotene, Pomegranate Juice, Beetroot Juice.",
  "url": "https://www.coles.com.au//product/haircarebear-apple-cider-vinegar-gummies-60-pack-4789518",
  "unit_size": "$0.25 per 1ea | Was $30.00",
  "Allergen": "",
  "upc": "Code: 4789518",
  "Retail_limit": "Retail limit: 20"
}{
  "Product_name": "Swisse Ultiboost High Strength Co-Enzyme Capsules | 30 pack",
  "Product_details": "",
  "price": "$16.50",
  "Ingredients": "EACH CAPSULE CONTAINS: Co-enzyme Q10 (ubidecarenone) 300mg",
  "url": "https://www.coles.com.au//product/swisse-ultiboost-high-strength-co-enzyme-capsules-30-pack-4971861",
  "unit_size": "$55.00 per 100ea | Was $33.00",
  "Allergen": "",
  "upc": "Code: 4971861",
  "Retail_limit": "Retail limit: 20"
}{
  "Product_name": "Vital All In One Daily Health Supplement | 300g",
  "Product_details": "",
  "price": "$60.00",
  "Ingredients": "Organic Spirulina, Organic Apple Powder, Organic Chorella Powder, Organic Kale Sprouts, Organic Wheatgrass, Organic Barley Sprouts, Acerola Fruit extract, Carica Papaya Powder, Organic Broccoli Sprouts, Pineapple Fruit Juice extract, Bilberry Fresh Fruit extract, Rosehip Fruit, Red Beet Powder, Carrot Root Powder, Spinach Leaf Powder, Licorice Root Powder, Wolfberry (Goji) Fruit extract, Hawthorne Fruit extract, Kelp Whole Plant Powder, Citric Acid (anhydrous), RS Alpha Lipoic Acid, Astragalus Root extract, Grapeseed extrac, Green Tea extract, Cocoa Bean (45%Polyphenol), Rosemary Leaf, Beta Glucans, Reiishi Mushroom Powder, Shiitake Mushroom Powder, Resveratrol, Globe Artichoke extract, Inulin (FOS prebiotics), Ginger Rhizome Powder, Bromelain, Aloe Vera Gel, Lactobacillus Acidophilus, Bifidobacterium Bifidum, Papain (from carica papaya & pineapple), Siberian Ginseng extract, Lecithin (95% phosphatides), Organic Flaxseed Powder, Gotu Kola extract, Withania somnifera (Ashwaganda), Citrus bioflavanoid extract, Vitamin C (Ascorbic acid), Calcium (from Calcium citrate 100%), Potassium(from Potassium phosphate di-basic), Vitamin E(d-alpha tocopherol succinate), Magnesium (from Magnesium citrate), Vitamin B3 (Nicotinic acid), Silica (colloidal anhydrous), Zinc (from Zinc amino acid chelate), Co-Enzyme Q-10 (Ubidecarenone), Vitamin B5 (Calcium pantothenate), Vitamin B6 (Pyridoxine hydrochloride), Vitamin B1 (Thaimine hydrochloride), Vitamin B2 (Riboflavine), Vitamin B3 (Nicotinamide), Pro-vitamin A (Beta-carotene), Manganese (from Manganese amino acid chelate), Vitamin B7 (Biotin), Vitamin B9 (Folic acid), Copper (from Copper gluconate), Selenium (from Selenomethionine), Vitamin B12 (Cyanocobalamin), Chromium (from Chromium picolinate), Vitamin D2 (Ergocalciferol), Rice Bran Powder, Milk Thistle extract, Dandelion Whole Plant extract, Burdock Root extract, Vital Pea Protein Isolate, Natural Vanilla Flavour, Natural Pineapple Flavour, Thaumatin, Stevia, Monk Fruit, Xanthan Gum.",
  "url": "https://www.coles.com.au//product/vital-all-in-one-daily-health-supplement-300g-1801162",
  "unit_size": "$20.00 per 100g",
  "Allergen": "",
  "upc": "Code: 1801162",
  "Retail_limit": "Retail limit: 20"
}{
  "Product_name": "Swisse High Strength Organic Spirulina Tablets | 200 pack",
  "Product_details": "",
  "price": "$24.00",
  "Ingredients": "EACH TABLET CONTAINS: Organic Spirulina powder (98.5%); Silicon dioxide; Magnesium stearate",
  "url": "https://www.coles.com.au//product/swisse-high-strength-organic-spirulina-tablets-200-pack-2869489",
  "unit_size": "$12.00 per 100ea | Was $48.00",
  "Allergen": "",
  "upc": "Code: 2869489",
  "Retail_limit": "Retail limit: 20"
}{
  "Product_name": "Life Botanics Hyaluronic Acid + Skin | 60 pack",
  "Product_details": "",
  "price": "$20.00",
  "Ingredients": "",
  "url": "https://www.coles.com.au//product/life-botanics-hyaluronic-acid-+-skin-60-pack-5325206",
  "unit_size": "$0.33 per 1ea | Was $40.00",
  "Allergen": "",
  "upc": "Code: 5325206",
  "Retail_limit": "Retail limit: 20"
}{
  "Product_name": "Heinz Little Kids Chickpea Puffs With Pumpkin & Beetroot Snack | 12g",
  "Product_details": "",
  "price": "$1.90",
  "Ingredients": "Organic Chickpea Flour (40%), Organic Maize Flour, Organic Rice Flour, Organic Sunflower Oil, Organic Pumpkin Powder (10%), Organic Sorghum Flour, Organic Beetroot Powder (2%), Antioxidant (Organic Rosemary Extract).",
  "url": "https://www.coles.com.au//product/heinz-little-kids-chickpea-puffs-with-pumpkin-and-beetroot-snack-12g-5044331",
  "unit_size": "$15.83 per 100g",
  "Allergen": "",
  "upc": "Code: 5044331",
  "Retail_limit": "Retail limit: 40"
}{
  "Product_name": "Heinz Little Kids Lentil Puffs With Tomato & Carrot Snack | 12g",
  "Product_details": "",
  "price": "$1.90",
  "Ingredients": "Organic Lentil Flour (55%), Organic Maize Flour, Organic Sunflower Oil, Organic Tomato Powder (4%), Organic Carrot Powder (2.2%), Organic Rice Flour, Organic Onion Powder, Organic Spice Powders, Organic Parsley Powder, Antioxidant (Organic Rosemary Extract).",
  "url": "https://www.coles.com.au//product/heinz-little-kids-lentil-puffs-with-tomato-and-carrot-snack-12g-5044364",
  "unit_size": "$15.83 per 100g",
  "Allergen": "",
  "upc": "Code: 5044364",
  "Retail_limit": "Retail limit: 40"
}{
  "Product_name": "Heinz Little Kids Chickpea Puffs With Carrot & Broccoli Snack | 12g",
  "Product_details": "",
  "price": "$1.90",
  "Ingredients": "Organic Chickpea Flour (38%), Organic Maize Flour, Organic Sunflower Oil, Organic Sorghum Flour, Organic Carrot Powder (3.3%), Organic Rice Flour, Organic Broccoli Powder (2%), Antioxidant (Organic Rosemary Extract).",
  "url": "https://www.coles.com.au//product/heinz-little-kids-chickpea-puffs-with-carrot-and-broccoli-snack-12g-5044386",
  "unit_size": "$15.83 per 100g",
  "Allergen": "",
  "upc": "Code: 5044386",
  "Retail_limit": "Retail limit: 20"
}{
  "Product_name": "Heinz Little Kids Chickpea Puffs With Apple & Vanilla Organic Snack | 12g",
  "Product_details": "",
  "price": "$1.90",
  "Ingredients": "Organic Chickpea Flour (43%), Organic Maize Flour, Organic Rice Flour, Organic Sunflower Oil, Organic Apple Powder (5%), Organic Sorghum Flour, Organic Vanilla Flavour (2%), Antioxidant (Organic Rosemary Extract).",
  "url": "https://www.coles.com.au//product/heinz-little-kids-chickpea-puffs-with-apple-and-vanilla-organic-snack-12g-5044342",
  "unit_size": "$15.83 per 100g",
  "Allergen": "",
  "upc": "Code: 5044342",
  "Retail_limit": "Retail limit: 40"
}{
  "Product_name": "Bubs Organic Little Rollies Hazelnut | 25g",
  "Product_details": "",
  "price": "$1.00",
  "Ingredients": "Shell: Organic Rice Flour (82%), Organic Cane Sugar, Salt. Filling: Organic Cane Sugar, Organic Vegetable Oil and fat (Sunflower, Cocoa butter), Organic Hazelnut (12%), Organic Low Fat Cocoa Powder, Organic Soy Flour, Emulsifier (Sunflower Lecithin), Natural Vanilla Flavour.",
  "url": "https://www.coles.com.au//product/bubs-organic-little-rollies-hazelnut-25g-3292911",
  "unit_size": "$4.00 per 100g | Was $1.80",
  "Allergen": "May Be Present Nuts. Contains Hazelnuts, Soy",
  "upc": "Code: 3292911",
  "Retail_limit": "Retail limit: 40"
}{
  "Product_name": "Mighty Bellies Puffcorn Cheese Flavoured | 30g",
  "Product_details": "Mighty Bellies Puffcorn Cheese are made of puffed corn lightly sprinkled with tasty cheese for a delicious lunch box snack.  New grown-up tastes for busy pre-schoolers.",
  "price": "$4.75",
  "Ingredients": "Corn Flour (78%), Sunflower Oil, Organic Cheese Powder (5%) (Organic Cheddar Cheese (3%) (Organic MILK, Salt, Culture, Non-Animal Rennet), Organic Skim MILK Powder, Emulsifier (Sodium Citrate)), Rice Flour, Salt, Onion Powder, Natural Flavour, Yeast Extract, Garlic Powder, Acid (Lactic Acid), Colour (Paprika Oleoresins), Antioxidant (Rosemary Extract).",
  "url": "https://www.coles.com.au//product/mighty-bellies-puffcorn-cheese-flavoured-30g-5055860",
  "unit_size": "$15.83 per 100g",
  "Allergen": "May Contain Cereals, Soybean. Contains Milk",
  "upc": "Code: 5055860",
  "Retail_limit": "Retail limit: 40"
}{
  "Product_name": "Mighty Bellies Puffcorn BBQ Flavoured | 30g",
  "Product_details": "Mighty Bellies Puffcorn BBQ are made of puffed corn lightly sprinkled with a blend of organic fruit, veg and spices for a delicious tangy BBQ flavour.  New grown-up tastes for busy pre-schoolers.",
  "price": "$4.75",
  "Ingredients": "Corn Flour (72%), Sunflower Oil, Organic Apple Powder (6%), Organic Tomato Powder (6%), Organic Paprika (3%), Organic Onion Powder (1%), Organic Cinnamon (0.4%), Organic Rice Fibre, Antioxidant (Rosemary Extract).",
  "url": "https://www.coles.com.au//product/mighty-bellies-puffcorn-bbq-flavoured-30g-5055940",
  "unit_size": "$15.83 per 100g",
  "Allergen": "May Contain Cereals, Soybean, Milk",
  "upc": "Code: 5055940",
  "Retail_limit": "Retail limit: 40"
}{
  "Product_name": "Bubs Organic Little Rollies Coconut | 25g",
  "Product_details": "",
  "price": "$1.00",
  "Ingredients": "Shell: Organic Rice Flour (70%), Organic Cane Sugar, Organic Skimmed Cocoa Powder, Organic Quinoa Flour (1.6%), Organic Millet Flour (1.6%), Sea Salt. Filling: Organic Cane Sugar, Organic Coconut (13.2%), Organic Vegetable Oil (Sunflower, Coconut), Emulsifier (Sunflower Lecithin).",
  "url": "https://www.coles.com.au//product/bubs-organic-little-rollies-coconut-25g-3292897",
  "unit_size": "$4.00 per 100g | Was $1.80",
  "Allergen": "May Be Present Nuts, Dairy, Gluten",
  "upc": "Code: 3292897",
  "Retail_limit": "Retail limit: 40"
}{
  "Product_name": "Whole Kids Organic Soft Cereal Biscuits Oatmeal 6M+ | 120g",
  "Product_details": "",
  "price": "$4.80",
  "Ingredients": "",
  "url": "https://www.coles.com.au//product/whole-kids-organic-soft-cereal-biscuits-oatmeal-6m+-120g-4160869",
  "unit_size": "$4.00 per 100g | Was $6.00",
  "Allergen": "",
  "upc": "Code: 4160869",
  "Retail_limit": "Retail limit: 40"
}{
  "Product_name": "Whole Kids Organic Soft Cereal Biscuits Spelt & Apple 6M+ | 120g",
  "Product_details": "",
  "price": "$4.80",
  "Ingredients": "",
  "url": "https://www.coles.com.au//product/whole-kids-organic-soft-cereal-biscuits-spelt-and-apple-6m+-120g-4160858",
  "unit_size": "$4.00 per 100g | Was $6.00",
  "Allergen": "",
  "upc": "Code: 4160858",
  "Retail_limit": "Retail limit: 40"
}{
  "Product_name": "Mighty Bellies Brown Rice Crispy Bars Vanilla | 6 pack",
  "Product_details": "Mighty Bellies Brown Rice Crispy Bars Vanilla. Crazily crispy and monstrously chewy, our vanilla rice bars will keep hungry kids happy!",
  "price": "$6.25",
  "Ingredients": "Crisp Puffed Wholegrain Brown Rice (60%), Brown Rice Syrup, Chicory Fibre, Humectant (Glycerol), High Oleic Sunflower Oil, Sustainable Palm Oil, Invert Sugar Syrup, Cane Sugar, Rice Protein, Natural Flavour, Thickener (Agar), Salt, Rosemary Extract.",
  "url": "https://www.coles.com.au//product/mighty-bellies-brown-rice-crispy-bars-vanilla-6-pack-5055972",
  "unit_size": "$1.04 per 1ea",
  "Allergen": "",
  "upc": "Code: 5055972",
  "Retail_limit": "Retail limit: 40"
}{
  "Product_name": "Mighty Bellies Brown Rice Cripsy Bars Cocoa | 6 pack",
  "Product_details": "Mighty Bellies Brown Rice Crispy Bars Cocoa. Crazily crispy and monstrously chewy, our cocoa rice bars will keep hungry kids happy!",
  "price": "$6.25",
  "Ingredients": "Crisp Puffed Wholegrain Brown Rice (57%), Brown Rice Syrup, Chicory Fibre, Humectant (Glycerol), High Oleic Sunflower Oil, Cane Sugar, Cocoa Powder (2.5%), Sustainable Palm Oil, Invert Sugar Syrup, Rice Protein, Natural Flavour, Thickener (Agar), Salt, Rosemary Extract.",
  "url": "https://www.coles.com.au//product/mighty-bellies-brown-rice-cripsy-bars-cocoa-6-pack-5055994",
  "unit_size": "$1.04 per 1ea",
  "Allergen": "",
  "upc": "Code: 5055994",
  "Retail_limit": "Retail limit: 40"
}{
  "Product_name": "Kiddylicious Coconut Rolls 8x6.8g | 54.4g",
  "Product_details": "",
  "price": "$5.70",
  "Ingredients": "coconut milk (43%), tapioca starch, coconut syrup, rice flour, taro (root vegetable, used to help hold the rolls together), egg",
  "url": "https://www.coles.com.au//product/kiddylicious-coconut-rolls-8x6.8g-54.4g-3018910",
  "unit_size": "$10.48 per 100g",
  "Allergen": "Free From Cereals, Milk, Peanuts. Contains Egg",
  "upc": "Code: 3018910",
  "Retail_limit": "Retail limit: 40"
}{
  "Product_name": "Little Bellies Softcorn Berry & Apple | 8g",
  "Product_details": "",
  "price": "$2.00",
  "Ingredients": "Organic Corn Flour (74%), Organic Sunflower Oil, Organic Berry Powder (Organic Strawberry Powder (2%), Organic Raspberry Powder (2%)), Organic Apple Powder (4%), Organic Banana Powder, Mineral (Iron), Organic Antioxidant (Organic Rosemary Extract).",
  "url": "https://www.coles.com.au//product/little-bellies-softcorn-berry-and-apple-8g-2800799",
  "unit_size": "$25.00 per 100g",
  "Allergen": "",
  "upc": "Code: 2800799",
  "Retail_limit": "Retail limit: 40"
}{
  "Product_name": "Only Organic Banana Biscotti | 100g",
  "Product_details": "",
  "price": "$5.00",
  "Ingredients": "",
  "url": "https://www.coles.com.au//product/only-organic-banana-biscotti-100g-3288845",
  "unit_size": "$5.00 per 100g",
  "Allergen": "",
  "upc": "Code: 3288845",
  "Retail_limit": "Retail limit: 40"
}{
  "Product_name": "Little Bellies Organic Cocoa & Vanilla 123's Biscuits | 130g",
  "Product_details": "",
  "price": "$5.50",
  "Ingredients": "",
  "url": "https://www.coles.com.au//product/little-bellies-organic-cocoa-and-vanilla-123's-biscuits-130g-5033583",
  "unit_size": "$4.23 per 100g",
  "Allergen": "",
  "upc": "Code: 5033583",
  "Retail_limit": "Retail limit: 40"
}{
  "Product_name": "Little Bellies Organic Oat & Raisin Abc's Biscuits | 130g",
  "Product_details": "",
  "price": "$5.50",
  "Ingredients": "",
  "url": "https://www.coles.com.au//product/little-bellies-organic-oat-and-raisin-abc's-biscuits-130g-5033619",
  "unit_size": "$4.23 per 100g",
  "Allergen": "",
  "upc": "Code: 5033619",
  "Retail_limit": "Retail limit: 40"
}{
  "Product_name": "Little Bellies Softcorn Banana | 8g",
  "Product_details": "",
  "price": "$2.00",
  "Ingredients": "Organic Corn Flour (72%), Organic Banana Powder (14%), Organic Sunflower Oil, Mineral (Iron), Organic Antioxidant (Organic Rosemary Extract).",
  "url": "https://www.coles.com.au//product/little-bellies-softcorn-banana-8g-2800711",
  "unit_size": "$25.00 per 100g",
  "Allergen": "",
  "upc": "Code: 2800711",
  "Retail_limit": "Retail limit: 40"
}{
  "Product_name": "CUB Apricot Fruit & Oat Bar 6x15g | 90g",
  "Product_details": "",
  "price": "$2.75",
  "Ingredients": "INGREDIENTS: Apricot Paste (30%)[Pear Puree, Apple Juice, Apricot Puree (20%)], Sultanas [Sultanas, Sunflower Oil], Oats (26%)[Oat Bran, Oatmeal, Oats], Rice Flour, Sunflower Oil, Apple Fibre, Natural Apricot Flavouring.",
  "url": "https://www.coles.com.au//product/cub-apricot-fruit-and-oat-bar-6x15g-90g-3757651",
  "unit_size": "$3.06 per 100g",
  "Allergen": "May Be Present SOY, TREE NUTS. Contains CEREALS CONTAINING G, Oats",
  "upc": "Code: 3757651",
  "Retail_limit": "Retail limit: 40"
}{
  "Product_name": "Rafferty's Garden Blueberry Sticks 8M+ | 15g",
  "Product_details": "No coating, no mess! Baked in flavour and made with quinoa & blueberries, these sticks will help little ones practice their pincer grip and self feeding.",
  "price": "$2.00",
  "Ingredients": "Rice Flour, Cane Sugar, Blueberry Powder (6%), Quinoa Flour, Natural Blueberry Flavour (2%).",
  "url": "https://www.coles.com.au//product/rafferty's-garden-blueberry-sticks-8m+-15g-3766277",
  "unit_size": "$13.33 per 100g",
  "Allergen": "",
  "upc": "Code: 3766277",
  "Retail_limit": "Retail limit: 40"
}{
  "Product_name": "CUB Apple & Raisin Fruit & Oat Bar 6x15g | 90g",
  "Product_details": "",
  "price": "$2.75",
  "Ingredients": "INGREDIENTS: Apple Paste (28%) [Apple Puree, Apple Juice], Raisins (24%) [Raisins (99%), Sunflower Oil], Oats (24%)[Oat Bran, Oatmeal, Oats], Yoghurt Coating (10%)[Sugar, Palm Fat**, Milk Solids, Emulsifier (322), Acidity Regulator (330)], Rice Flour, Sunflower Oil, Apple Fibre.",
  "url": "https://www.coles.com.au//product/cub-apple-and-raisin-fruit-and-oat-bar-6x15g-90g-3757640",
  "unit_size": "$3.06 per 100g",
  "Allergen": "May Be Present TREE NUTS. Contains MILK, SOY, CEREALS CONTAINING G, Oats",
  "upc": "Code: 3757640",
  "Retail_limit": "Retail limit: 40"
}{
  "Product_name": "Heinz Little Kids Toddler Fruit Salad Muesli Fingers Snack Bars 1-3 Years | 90g",
  "Product_details": "",
  "price": "$3.00",
  "Ingredients": "Fruit (31%) (Apple Paste, Mango Paste), Muesli (30%) (Oats, Oat Bran, Wheat Flakes), Fruit Juice Concentrates (20%) (Apple, Pineapple, Orange), Skim Milk Powder, Rice Flour, Yoghurt Coating (4.4%) (Contains Milk, Soy), Rice Bran Oil, Thickener (Guar Gum), Traces of Peanuts, Tree Nuts & Sesame.",
  "url": "https://www.coles.com.au//product/heinz-little-kids-toddler-fruit-salad-muesli-fingers-snack-bars-1-3-years-90g-4738131",
  "unit_size": "$3.33 per 100g | Was $3.50",
  "Allergen": "Contains Tree Nuts, Wheat, Milk, Sesame, Soy, Gluten, Lupin, Peanuts",
  "upc": "Code: 4738131",
  "Retail_limit": "Retail limit: 40"
}{
  "Product_name": "Keep It Cleaner Toddler Tri-Veg Pasta Dinosaurs | 250g",
  "Product_details": "",
  "price": "$4.50",
  "Ingredients": "",
  "url": "https://www.coles.com.au//product/keep-it-cleaner-toddler-tri-veg-pasta-dinosaurs-250g-5052646",
  "unit_size": "$1.80 per 100g",
  "Allergen": "",
  "upc": "Code: 5052646",
  "Retail_limit": "Retail limit: 40"
}{
  "Product_name": "Keep It Cleaner Toddler Pasta Sauce Tomato & Hidden Vegetable | 250g",
  "Product_details": "",
  "price": "$4.50",
  "Ingredients": "Tomatoes (85%) (Diced Tomato, Partially Reconstituted Tomato Paste), Vegetables (12%) (Onion, Carrot Puree, Capsicum, Zucchini, Celery) Garlic, Acidity Regulator (Citric Acid), Extra Virgin Olive Oil (0.1%), Basil, Paprika",
  "url": "https://www.coles.com.au//product/keep-it-cleaner-toddler-pasta-sauce-tomato-and-hidden-vegetable-250g-5052770",
  "unit_size": "$1.80 per 100g",
  "Allergen": "",
  "upc": "Code: 5052770",
  "Retail_limit": "Retail limit: 40"
}{
  "Product_name": "Bellamy's Organic Milk Rusks | 100g",
  "Product_details": "",
  "price": "$4.15",
  "Ingredients": "",
  "url": "https://www.coles.com.au//product/bellamy's-organic-milk-rusks-100g-9731719",
  "unit_size": "$4.15 per 100g",
  "Allergen": "",
  "upc": "Code: 9731719",
  "Retail_limit": "Retail limit: 40"
}{
  "Product_name": "Keep It Cleaner Toddler Corn & Rice Pasta Jungle Animals | 250g",
  "Product_details": "",
  "price": "$4.50",
  "Ingredients": "",
  "url": "https://www.coles.com.au//product/keep-it-cleaner-toddler-corn-and-rice-pasta-jungle-animals-250g-5052679",
  "unit_size": "$1.80 per 100g",
  "Allergen": "",
  "upc": "Code: 5052679",
  "Retail_limit": "Retail limit: 40"
}{
  "Product_name": "Little Bellies Organic Banana Date & Oat Bars | 85g",
  "Product_details": "",
  "price": "$4.20",
  "Ingredients": "",
  "url": "https://www.coles.com.au//product/little-bellies-organic-banana-date-and-oat-bars-85g-5023546",
  "unit_size": "$4.94 per 100g",
  "Allergen": "",
  "upc": "Code: 5023546",
  "Retail_limit": "Retail limit: 40"
}{
  "Product_name": "Little Bellies Organic Apricot Date & Oat Bars | 85g",
  "Product_details": "",
  "price": "$4.20",
  "Ingredients": "",
  "url": "https://www.coles.com.au//product/little-bellies-organic-apricot-date-and-oat-bars-85g-5023580",
  "unit_size": "$4.94 per 100g",
  "Allergen": "",
  "upc": "Code: 5023580",
  "Retail_limit": "Retail limit: 40"
}{
  "Product_name": "Little Bellies Fiddlesticks Cheese | 12g",
  "Product_details": "",
  "price": "$2.00",
  "Ingredients": "",
  "url": "https://www.coles.com.au//product/little-bellies-fiddlesticks-cheese-12g-3035351",
  "unit_size": "$16.67 per 100g",
  "Allergen": "",
  "upc": "Code: 3035351",
  "Retail_limit": "Retail limit: 40"
}{
  "Product_name": "Little Bellies Fiddlesticks Tomato | 12g",
  "Product_details": "",
  "price": "$2.00",
  "Ingredients": "",
  "url": "https://www.coles.com.au//product/little-bellies-fiddlesticks-tomato-12g-3035410",
  "unit_size": "$16.67 per 100g",
  "Allergen": "",
  "upc": "Code: 3035410",
  "Retail_limit": "Retail limit: 40"
}{
  "Product_name": "Little Bellies Sultanas 6x14g | 84g",
  "Product_details": "",
  "price": "$2.25",
  "Ingredients": "",
  "url": "https://www.coles.com.au//product/little-bellies-sultanas-6x14g-84g-3499670",
  "unit_size": "$2.68 per 100g",
  "Allergen": "",
  "upc": "Code: 3499670",
  "Retail_limit": "Retail limit: 40"
}{
  "Product_name": "Wholekids Mango Banana & Coconut Milk Smoothie Drops | 20g",
  "Product_details": "",
  "price": "$6.00",
  "Ingredients": "Organic Coconut Milk 35%, Banana 25%, Organic Prebiotic (Agave Inulin) 25%, Mango 10%, Fruit Pectin 5%, Other Stuff 0%",
  "url": "https://www.coles.com.au//product/wholekids-mango-banana-and-coconut-milk-smoothie-drops-20g-5011616",
  "unit_size": "$30.00 per 100g",
  "Allergen": "",
  "upc": "Code: 5011616",
  "Retail_limit": "Retail limit: 40"
}{
  "Product_name": "Whole Kids Organic Meltaway Sticks 100% Corn 6M+ | 10g",
  "Product_details": "",
  "price": "$2.50",
  "Ingredients": "",
  "url": "https://www.coles.com.au//product/whole-kids-organic-meltaway-sticks-100percent-corn-6m+-10g-4160916",
  "unit_size": "$25.00 per 100g",
  "Allergen": "",
  "upc": "Code: 4160916",
  "Retail_limit": "Retail limit: 40"
}{
  "Product_name": "Whole Kids Organic Smoothie Drops  Berry & Coconut Yoghurt 11M+ Reseal Bag | 20g",
  "Product_details": "",
  "price": "$6.20",
  "Ingredients": "",
  "url": "https://www.coles.com.au//product/whole-kids-organic-smoothie-drops-berry-and-coconut-yoghurt-11m+-reseal-bag-20g-4160927",
  "unit_size": "$31.00 per 100g",
  "Allergen": "",
  "upc": "Code: 4160927",
  "Retail_limit": "Retail limit: 40"
}{
  "Product_name": "Only Organic  Blueberry Purple Carrot Rice Cakes | 20g",
  "Product_details": "",
  "price": "$2.65",
  "Ingredients": "",
  "url": "https://www.coles.com.au//product/only-organic-blueberry-purple-carrot-rice-cakes-20g-3772305",
  "unit_size": "$13.25 per 100g",
  "Allergen": "",
  "upc": "Code: 3772305",
  "Retail_limit": "Retail limit: 40"
}{
  "Product_name": "Only Organic Carrot Apple Rice Cakes | 20g",
  "Product_details": "",
  "price": "$2.65",
  "Ingredients": "",
  "url": "https://www.coles.com.au//product/only-organic-carrot-apple-rice-cakes-20g-3772382",
  "unit_size": "$13.25 per 100g",
  "Allergen": "",
  "upc": "Code: 3772382",
  "Retail_limit": "Retail limit: 40"
}{
  "Product_name": "Only Organic Yoghurt Rice Cakes | 30g",
  "Product_details": "",
  "price": "$4.00",
  "Ingredients": "",
  "url": "https://www.coles.com.au//product/only-organic-yoghurt-rice-cakes-30g-3772430",
  "unit_size": "$13.33 per 100g",
  "Allergen": "",
  "upc": "Code: 3772430",
  "Retail_limit": "Retail limit: 40"
}{
  "Product_name": "Only Organic  Strawberry Yoghurt Rice Cakes | 30g",
  "Product_details": "",
  "price": "$4.00",
  "Ingredients": "",
  "url": "https://www.coles.com.au//product/only-organic-strawberry-yoghurt-rice-cakes-30g-3772451",
  "unit_size": "$13.33 per 100g",
  "Allergen": "",
  "upc": "Code: 3772451",
  "Retail_limit": "Retail limit: 40"
}{
  "Product_name": "Wholekids Blueberry Banana & Coconut Milk Smoothie Drops | 20g",
  "Product_details": "",
  "price": "$6.00",
  "Ingredients": "Organic Coconut Milk 35%, Banana 25%, Organic Prebiotic (Agave Inulin) 25%, Blueberry 10%, Fruit Pectin 5%, Other Stuff 0%",
  "url": "https://www.coles.com.au//product/wholekids-blueberry-banana-and-coconut-milk-smoothie-drops-20g-5019491",
  "unit_size": "$30.00 per 100g",
  "Allergen": "",
  "upc": "Code: 5019491",
  "Retail_limit": "Retail limit: 40"
}{
  "Product_name": "Little Bellies Veggie Tubes Sweetcorn & Carrot  12m+ | 12g",
  "Product_details": "",
  "price": "$2.00",
  "Ingredients": "",
  "url": "https://www.coles.com.au//product/little-bellies-veggie-tubes-sweetcorn-and-carrot-12m+-12g-4163437",
  "unit_size": "$16.67 per 100g",
  "Allergen": "",
  "upc": "Code: 4163437",
  "Retail_limit": "Retail limit: 40"
}{
  "Product_name": "Kiddylicious Strawberry Frutiy Puffs | 4 pack",
  "Product_details": "",
  "price": "$6.80",
  "Ingredients": "",
  "url": "https://www.coles.com.au//product/kiddylicious-strawberry-frutiy-puffs-4-pack-5045979",
  "unit_size": "$1.70 per 1ea",
  "Allergen": "",
  "upc": "Code: 5045979",
  "Retail_limit": "Retail limit: 40"
}{
  "Product_name": "Keep It Cleaner Toddler Sweet Corn Puffs | 22g",
  "Product_details": "",
  "price": "$2.20",
  "Ingredients": "",
  "url": "https://www.coles.com.au//product/keep-it-cleaner-toddler-sweet-corn-puffs-22g-5052464",
  "unit_size": "$10.00 per 100g",
  "Allergen": "",
  "upc": "Code: 5052464",
  "Retail_limit": "Retail limit: 40"
}{
  "Product_name": "Keep It Cleaner Toddler Apple Puffs | 22g",
  "Product_details": "",
  "price": "$2.50",
  "Ingredients": "",
  "url": "https://www.coles.com.au//product/keep-it-cleaner-toddler-apple-puffs-22g-5052486",
  "unit_size": "$11.36 per 100g",
  "Allergen": "",
  "upc": "Code: 5052486",
  "Retail_limit": "Retail limit: 40"
}{
  "Product_name": "Keep It Cleaner Toddler Berry Puffs | 22g",
  "Product_details": "",
  "price": "$2.50",
  "Ingredients": "",
  "url": "https://www.coles.com.au//product/keep-it-cleaner-toddler-berry-puffs-22g-5052533",
  "unit_size": "$11.36 per 100g",
  "Allergen": "",
  "upc": "Code: 5052533",
  "Retail_limit": "Retail limit: 40"
}{
  "Product_name": "Mighty Bellies Lentil Puffs BBQ Flavoured | 10g",
  "Product_details": "",
  "price": "$2.00",
  "Ingredients": "",
  "url": "https://www.coles.com.au//product/mighty-bellies-lentil-puffs-bbq-flavoured-10g-5056035",
  "unit_size": "$20.00 per 100g",
  "Allergen": "",
  "upc": "Code: 5056035",
  "Retail_limit": "Retail limit: 40"
}{
  "Product_name": "Kiddylicious Wafers Raspberry 4x4g | 16g",
  "Product_details": "Amazing taste is at heart of everything we do",
  "price": "$2.80",
  "Ingredients": "Jasmine rice flour, Tapioca starch, grape juice concentrate, raspberry powder (4%), natural raspberry flavour, antioxidant (DL-alpha tocopherals), mineral (iron).",
  "url": "https://www.coles.com.au//product/kiddylicious-wafers-raspberry-4x4g-16g-3998024",
  "unit_size": "$17.50 per 100g",
  "Allergen": "",
  "upc": "Code: 3998024",
  "Retail_limit": "Retail limit: 40"
}{
  "Product_name": "Kiddylicious Strawberry Fruity Puffs | 10g",
  "Product_details": "",
  "price": "$2.00",
  "Ingredients": "corn flour (75%), fruit powders (strawberry (10%), banana (4%)), sunflower oil,natural strawberry flavour (1%), mineral (iron), vitamin B1 (thiamin)",
  "url": "https://www.coles.com.au//product/kiddylicious-strawberry-fruity-puffs-10g-3018909",
  "unit_size": "$20.00 per 100g",
  "Allergen": "",
  "upc": "Code: 3018909",
  "Retail_limit": "Retail limit: 40"
}{
  "Product_name": "Mum-Mum Plant Based Banana & Apple Rice Puffs | 10g",
  "Product_details": "",
  "price": "$1.50",
  "Ingredients": "",
  "url": "https://www.coles.com.au//product/mum-mum-plant-based-banana-and-apple-rice-puffs-10g-5011627",
  "unit_size": "$15.00 per 100g",
  "Allergen": "",
  "upc": "Code: 5011627",
  "Retail_limit": "Retail limit: 40"
}{
  "Product_name": "Mum-Mum Plant Based Strawberry & Blueberry Rice Puffs | 10g",
  "Product_details": "",
  "price": "$1.50",
  "Ingredients": "",
  "url": "https://www.coles.com.au//product/mum-mum-plant-based-strawberry-and-blueberry-rice-puffs-10g-5011649",
  "unit_size": "$15.00 per 100g",
  "Allergen": "",
  "upc": "Code: 5011649",
  "Retail_limit": "Retail limit: 40"
}{
  "Product_name": "Kiddylicious Banana Fruty Puffs | 4 pack",
  "Product_details": "",
  "price": "$6.80",
  "Ingredients": "",
  "url": "https://www.coles.com.au//product/kiddylicious-banana-fruty-puffs-4-pack-5045924",
  "unit_size": "$1.70 per 1ea",
  "Allergen": "",
  "upc": "Code: 5045924",
  "Retail_limit": "Retail limit: 40"
}{
  "Product_name": "Mighty Bellies Lentil Puffs Salt & Vinegar Flavoured | 10g",
  "Product_details": "",
  "price": "$2.00",
  "Ingredients": "",
  "url": "https://www.coles.com.au//product/mighty-bellies-lentil-puffs-salt-and-vinegar-flavoured-10g-5056068",
  "unit_size": "$20.00 per 100g",
  "Allergen": "",
  "upc": "Code: 5056068",
  "Retail_limit": "Retail limit: 40"
}{
  "Product_name": "Kiddylicious Wafers Blueberry 4x4g | 16g",
  "Product_details": "Amazing taste is at heart of everything we do",
  "price": "$2.80",
  "Ingredients": "Jasmine rice flour, Tapioca starch, grape juice concentrate, blueberry powder (2%), purple carrot juice concentrate, natural blueberry flavour, antioxidant (DL-alpha tocopherals), mineral (iron).",
  "url": "https://www.coles.com.au//product/kiddylicious-wafers-blueberry-4x4g-16g-3998013",
  "unit_size": "$17.50 per 100g",
  "Allergen": "",
  "upc": "Code: 3998013",
  "Retail_limit": "Retail limit: 40"
}{
  "Product_name": "Kiddylicious Melty Buttons Raspberry & Beetroot 12M+ | 6g",
  "Product_details": "",
  "price": "$2.00",
  "Ingredients": "Jasmine rice flour, raspberry powder (9.2%), sunflower oil, tapiaco starch, banana powder, apple juice concentrate, beetroot powder (1%) natural raspberry flavour, vitamin e (mixed tocopherals) added to preserve freshness, thaimin (vitamin B1).",
  "url": "https://www.coles.com.au//product/kiddylicious-melty-buttons-raspberry-and-beetroot-12m+-6g-3998068",
  "unit_size": "$33.34 per 100g",
  "Allergen": "",
  "upc": "Code: 3998068",
  "Retail_limit": "Retail limit: 40"
}{
  "Product_name": "Kiddylicious Gluten Free Strawberry & Banana Smoothie Melts | 6g",
  "Product_details": "",
  "price": "$2.00",
  "Ingredients": "",
  "url": "https://www.coles.com.au//product/kiddylicious-gluten-free-strawberry-and-banana-smoothie-melts-6g-3292718",
  "unit_size": "$33.34 per 100g",
  "Allergen": "",
  "upc": "Code: 3292718",
  "Retail_limit": "Retail limit: 40"
}{
  "Product_name": "Keep It Cleaner Bambini Balls With Dha Buckwheat & Cacao 2+ Years | 75g",
  "Product_details": "",
  "price": "$5.00",
  "Ingredients": "Sultanas, Buckwheat (37%), Organic Coconut, Raw Cacao Powder (5%), Organic Coconut Syrup, Omega-3 Fish Oil (1.8%), Sea Salt",
  "url": "https://www.coles.com.au//product/keep-it-cleaner-bambini-balls-with-dha-buckwheat-and-cacao-2+-years-75g-3499750",
  "unit_size": "$6.67 per 100g",
  "Allergen": "",
  "upc": "Code: 3499750",
  "Retail_limit": "Retail limit: 40"
}{
  "Product_name": "Keep It Cleaner Toddler Wheat Free Cereal Plain | 225g",
  "Product_details": "",
  "price": "$5.00",
  "Ingredients": "",
  "url": "https://www.coles.com.au//product/keep-it-cleaner-toddler-wheat-free-cereal-plain-225g-5052544",
  "unit_size": "$2.22 per 100g",
  "Allergen": "",
  "upc": "Code: 5052544",
  "Retail_limit": "Retail limit: 40"
}{
  "Product_name": "Keep It Cleaner Toddler Wheat Free Cereal Vanilla | 225g",
  "Product_details": "",
  "price": "$5.00",
  "Ingredients": "",
  "url": "https://www.coles.com.au//product/keep-it-cleaner-toddler-wheat-free-cereal-vanilla-225g-5052566",
  "unit_size": "$2.22 per 100g",
  "Allergen": "",
  "upc": "Code: 5052566",
  "Retail_limit": "Retail limit: 40"
}{
  "Product_name": "Kiddylicious Veggie Straws Cheesy Flavour | 4 pack",
  "Product_details": "",
  "price": "$6.80",
  "Ingredients": "",
  "url": "https://www.coles.com.au//product/kiddylicious-veggie-straws-cheesy-flavour-4-pack-5044692",
  "unit_size": "$1.70 per 1ea",
  "Allergen": "",
  "upc": "Code: 5044692",
  "Retail_limit": "Retail limit: 40"
}{
  "Product_name": "Kiddylicious Veggie Straws | 4 pack",
  "Product_details": "",
  "price": "$6.80",
  "Ingredients": "",
  "url": "https://www.coles.com.au//product/kiddylicious-veggie-straws-4-pack-5044670",
  "unit_size": "$1.70 per 1ea",
  "Allergen": "",
  "upc": "Code: 5044670",
  "Retail_limit": "Retail limit: 40"
}